<?xml version="1.0" encoding="UTF-8"?>
<marc:collection xmlns:xsi="http://www.w3.org/2001/XMLSchema-instance"
                 xmlns:marc="http://www.loc.gov/MARC21/slim"
                 xmlns:mads="http://www.loc.gov/mads/v2"
                 xmlns:etd="http://www.ndltd.org/standards/metadata/etdms/1.0/"
                 xmlns:xlink="http://www.w3.org/1999/xlink"
                 xmlns:mods="http://www.loc.gov/mods/v3"
                 xmlns:dcterms="http://purl.org/dc/terms/"
                 xmlns:oasis="http://www.niso.org/standards/z39-96/ns/oasis-exchange/table"
                 xsi:schemaLocation="http://www.loc.gov/MARC21/slim http://www.loc.gov/standards/marcxml/schema/MARC21slim.xsd">
   <marc:record>
      <marc:leader>     nam  22      i 4500</marc:leader>
      <marc:controlfield tag="006">m     o  d        </marc:controlfield>
      <marc:controlfield tag="007">cr |||||||||||</marc:controlfield>
      <marc:controlfield tag="008">      s2023    flu     obm   000 0 eng d</marc:controlfield>
      <marc:datafield tag="040" ind1=" " ind2=" ">
         <marc:subfield code="a">FDA</marc:subfield>
         <marc:subfield code="b">eng</marc:subfield>
         <marc:subfield code="e">rda</marc:subfield>
         <marc:subfield code="c">FDA</marc:subfield>
      </marc:datafield>
      <marc:datafield tag="050" ind1=" " ind2="4">
         <marc:subfield code="a">PS</marc:subfield>
      </marc:datafield>
      <marc:datafield tag="100" ind1="1" ind2=" ">
         <marc:subfield code="a">Adams, Camille U.,</marc:subfield>
         <marc:subfield code="e">author</marc:subfield>
      </marc:datafield>
      <marc:datafield tag="245" ind1="1" ind2="0">
         <marc:subfield code="a">How to Be Unmothered a Trini Memoir /</marc:subfield>
         <marc:subfield code="c">by Camille U. Adams</marc:subfield>
      </marc:datafield>
      <marc:datafield tag="264" ind1=" " ind2="1">
         <marc:subfield code="a">Tallahassee, Florida :</marc:subfield>
         <marc:subfield code="b">Florida State University,</marc:subfield>
         <marc:subfield code="c">2023</marc:subfield>
      </marc:datafield>
      <marc:datafield tag="300" ind1=" " ind2=" ">
         <marc:subfield code="a">1 online resource (280 pages)</marc:subfield>
      </marc:datafield>
      <marc:datafield tag="336" ind1=" " ind2=" ">
         <marc:subfield code="a">text</marc:subfield>
         <marc:subfield code="b">txt</marc:subfield>
         <marc:subfield code="2">rdacontent</marc:subfield>
      </marc:datafield>
      <marc:datafield tag="337" ind1=" " ind2=" ">
         <marc:subfield code="a">computer</marc:subfield>
         <marc:subfield code="b">c</marc:subfield>
         <marc:subfield code="2">rdamedia</marc:subfield>
      </marc:datafield>
      <marc:datafield tag="338" ind1=" " ind2=" ">
         <marc:subfield code="a">online resource</marc:subfield>
         <marc:subfield code="b">cr</marc:subfield>
         <marc:subfield code="2">rdacarrier</marc:subfield>
      </marc:datafield>
      <marc:datafield tag="347" ind1=" " ind2=" ">
         <marc:subfield code="a">text file</marc:subfield>
         <marc:subfield code="2">rdaft</marc:subfield>
      </marc:datafield>
      <marc:datafield tag="347" ind1=" " ind2=" ">
         <marc:subfield code="b">PDF</marc:subfield>
      </marc:datafield>
      <marc:datafield tag="538" ind1=" " ind2=" ">
         <marc:subfield code="a">System requirements: Adobe Reader or other PDF viewer.</marc:subfield>
      </marc:datafield>
      <marc:datafield tag="588" ind1=" " ind2=" ">
         <marc:subfield code="a">Description based on online resource; title from PDF title page.</marc:subfield>
      </marc:datafield>
      <marc:datafield tag="500" ind1=" " ind2=" ">
         <marc:subfield code="a">Extent pagination is PDF page count.</marc:subfield>
      </marc:datafield>
      <marc:datafield tag="500" ind1=" " ind2=" ">
         <marc:subfield code="a">Advisory committee: Elizabeth Stuckey-French, Professor Directing Dissertation; Lisa Wakamiya, University Representative; Ravi Howard, Committee Member; Susan C. Ward, Committee Member.</marc:subfield>
      </marc:datafield>
      <marc:datafield tag="500" ind1=" " ind2=" ">
         <marc:subfield code="a">A Dissertation submitted to the Department of English in partial fulfillment of the requirements for the degree of Doctor of Philosophy.</marc:subfield>
      </marc:datafield>
      <marc:datafield tag="500" ind1=" " ind2=" ">
         <marc:subfield code="a">Date of Defense: October 9, 2023.</marc:subfield>
      </marc:datafield>
      <marc:datafield tag="500" ind1=" " ind2=" ">
         <marc:subfield code="a">Keywords: abandonment, Caribbean, domestic abuse, memoir, mother, Trinidad.</marc:subfield>
      </marc:datafield>
      <marc:datafield tag="502" ind1=" " ind2=" ">
         <marc:subfield code="b">Ph.D.</marc:subfield>
         <marc:subfield code="c">Florida State University</marc:subfield>
         <marc:subfield code="d">2023.</marc:subfield>
      </marc:datafield>
      <marc:datafield tag="520" ind1="3" ind2=" ">
         <marc:subfield code="a">How To Be UnMothered: A Trini Memoir Abstract I am a Trinidadian woman with a long maternal line. A legacy of mothers who does leave. Women who does conceive and abandon all they child. At 13 years old, after my mother took a one-way flight, I read Annie John say to her mother, ‘I wish you were dead’. This to the mother who enmeshed then rejected her, from whom Annie in self-preservation fled. And, in Kincaid’s semi-autobiographical novel, I finally found someone who told the truth. My truth. Of my abusive mother. The one relegated to my head. The maltreatment that had to go unsaid. Because Caribbean realities, like Caribbean families, live behind gauzy, white curtains. There is no ugliness. None is allowed to escape. We save face. Our social conduct is hinged on secrecy, on never bringing shame. And too few rent the veil. But I am a storm. I do not comply with the norm of Caribbean writers, sometimes complicit, hiding behind fiction and not apprising the world. Caribbean writers concealing the domestic and societal abusive ills visited upon our girls. Understandably. To an extent. Since, trust me, I get deep trauma isn’t easy to face. J. Brooks Bouson argues that Kincaid is still bound to her shame. That her endless repetition evinces her inability to confront and work through the past. And much the same some say of Roxane Gay who, after nearly thirty years, has confessed to her Haitian parents and is writing of her gang rape and defensive weight gain at last. But I pen memoir and reveal our ugly truths. Exposing such is my responsibility. And not since Annie John has a Caribbean work of literature showcased an evil mother as my collection of essays do. I am writing to that 13-year-old little girl who needed someone to say it’s not just you. How To Be Unmothered’s narrative begins with me at nine years old when, for once, I’m not guarding my mother from my father knocking her out cold. In revenge, my mother sends me down the drugs and rape-laden Covigne Road. Then, deserted at 13 when my mother secretly leaves, I begin tracing my un-mothering lineage across five generations. All the mothers in my maternal family line abandon their children. I link this tendency to my mother, Smiley, who has incestuous affairs. She bites and fights in-laws before running away from Trinidad, leaving me ill and neglected for years. Till I am 19 and execute a dangerous escape from my father who nearly kills my younger sisters and I one night. Desperate for safety and reunion with our mother in Brooklyn, we take flight. But a woman who does abuse is never a refuge. The soucouyant unmother in another country is just the same. Thus, alone, eyes blown wide open, without my mother-loving sisters, I head for JFK. In this text, I reflect on the multi-faceted cruelties of this mother who subjects all her daughters to neglect. And I ponder, what if abandonment is good luck from a mother who turns out to be worse? A mother who can cause more harm than a father using his fists to make it hurt. My memoir charts dawning realisation, without which I would still be my mother’s victim. Narrated in poetic prose and the rhythmic patois of Trinidad and Tobago, HOW TO BE UNMOTHERED explores Caribbean history from pre-colonialism to the contemporary. It invokes cinematic scenes of aquamarine seas and the islands’ lush greenery. It journeys from Trinidad to Grenada, England and Canada, to New York City. It provokes questions about the chokehold of African spirituality. And reveals the role of choice in determining multi-generational legacy.</marc:subfield>
      </marc:datafield>
      <marc:datafield tag="504" ind1=" " ind2=" ">
         <marc:subfield code="a">Includes bibliographical references.</marc:subfield>
      </marc:datafield>
      <marc:datafield tag="506" ind1=" " ind2=" ">
         <marc:subfield code="a">This thesis/dissertation may be embargoed for a limited time. Click access link to check availability.</marc:subfield>
      </marc:datafield>
      <marc:datafield tag="650" ind1=" " ind2="0">
         <marc:subfield code="a">Creative writing</marc:subfield>
      </marc:datafield>
      <marc:datafield tag="655" ind1=" " ind2="7">
         <marc:subfield code="a">Electronic Thesis or Dissertation.</marc:subfield>
         <marc:subfield code="2">dct</marc:subfield>
      </marc:datafield>
      <marc:datafield tag="690" ind1=" " ind2="7">
         <marc:subfield code="a">FSU Dissertations.</marc:subfield>
         <marc:subfield code="2">local</marc:subfield>
         <marc:subfield code="9">LOCAL</marc:subfield>
      </marc:datafield>
      <marc:datafield tag="710" ind1="2" ind2=" ">
         <marc:subfield code="a">Florida State University.</marc:subfield>
         <marc:subfield code="e">degree granting institution.</marc:subfield>
         <marc:subfield code="0">http://id.loc.gov/authorities/names/n80126238</marc:subfield>
      </marc:datafield>
      <marc:datafield tag="856" ind1="4" ind2="0">
         <marc:subfield code="3">FSU Research Repository</marc:subfield>
         <marc:subfield code="u">https://purl.lib.fsu.edu/diginole/Adams_fsu_0071E_18299</marc:subfield>
         <marc:subfield code="y">Connect to online content:</marc:subfield>
      </marc:datafield>
      <marc:datafield tag="796" ind1="1" ind2=" ">
         <marc:subfield code="a">Stuckey-French, Elizabeth,</marc:subfield>
         <marc:subfield code="e">professor directing dissertation</marc:subfield>
         <marc:subfield code="9">LOCAL</marc:subfield>
      </marc:datafield>
      <marc:datafield tag="796" ind1="1" ind2=" ">
         <marc:subfield code="a">Wakamiya, Lisa Ryoko,</marc:subfield>
         <marc:subfield code="d">1969-</marc:subfield>
         <marc:subfield code="e">university representative</marc:subfield>
         <marc:subfield code="9">LOCAL</marc:subfield>
      </marc:datafield>
      <marc:datafield tag="796" ind1="1" ind2=" ">
         <marc:subfield code="a">Howard, Ravi,</marc:subfield>
         <marc:subfield code="e">committee member</marc:subfield>
         <marc:subfield code="9">LOCAL</marc:subfield>
      </marc:datafield>
      <marc:datafield tag="796" ind1="1" ind2=" ">
         <marc:subfield code="a">Ward, Susan C.</marc:subfield>
         <marc:subfield code="q">(Susan Candace),</marc:subfield>
         <marc:subfield code="e">committee member</marc:subfield>
         <marc:subfield code="9">LOCAL</marc:subfield>
      </marc:datafield>
      <marc:datafield tag="797" ind1="2" ind2=" ">
         <marc:subfield code="a">Florida State University.</marc:subfield>
         <marc:subfield code="b">Department of English.</marc:subfield>
         <marc:subfield code="9">LOCAL</marc:subfield>
      </marc:datafield>
      <marc:datafield tag="904" ind1=" " ind2=" ">
         <marc:subfield code="a">4</marc:subfield>
         <marc:subfield code="9">LOCAL</marc:subfield>
      </marc:datafield>
   </marc:record>