
   <marc:record>
      <marc:leader>     nam  22      i 4500</marc:leader>
      <marc:controlfield tag="006">m     o  d        </marc:controlfield>
      <marc:controlfield tag="007">cr |||||||||||</marc:controlfield>
      <marc:controlfield tag="008">      s2023    flu     obm   000 0 eng d</marc:controlfield>
      <marc:datafield tag="040" ind1=" " ind2=" ">
         <marc:subfield code="a">FDA</marc:subfield>
         <marc:subfield code="b">eng</marc:subfield>
         <marc:subfield code="e">rda</marc:subfield>
         <marc:subfield code="c">FDA</marc:subfield>
      </marc:datafield>
      <marc:datafield tag="050" ind1=" " ind2="4">
         <marc:subfield code="a">QH323.5</marc:subfield>
      </marc:datafield>
      <marc:datafield tag="100" ind1="1" ind2=" ">
         <marc:subfield code="a">Bae, Ye Eun,</marc:subfield>
         <marc:subfield code="e">author</marc:subfield>
      </marc:datafield>
      <marc:datafield tag="245" ind1="1" ind2="0">
         <marc:subfield code="a">Novel Statistical Methods to Characterize the Genetic Basis of Human Complex Traits /</marc:subfield>
         <marc:subfield code="c">by Ye Eun Bae</marc:subfield>
      </marc:datafield>
      <marc:datafield tag="264" ind1=" " ind2="1">
         <marc:subfield code="a">Tallahassee, Florida :</marc:subfield>
         <marc:subfield code="b">Florida State University,</marc:subfield>
         <marc:subfield code="c">2023</marc:subfield>
      </marc:datafield>
      <marc:datafield tag="300" ind1=" " ind2=" ">
         <marc:subfield code="a">1 online resource (118 pages)</marc:subfield>
      </marc:datafield>
      <marc:datafield tag="336" ind1=" " ind2=" ">
         <marc:subfield code="a">text</marc:subfield>
         <marc:subfield code="b">txt</marc:subfield>
         <marc:subfield code="2">rdacontent</marc:subfield>
      </marc:datafield>
      <marc:datafield tag="337" ind1=" " ind2=" ">
         <marc:subfield code="a">computer</marc:subfield>
         <marc:subfield code="b">c</marc:subfield>
         <marc:subfield code="2">rdamedia</marc:subfield>
      </marc:datafield>
      <marc:datafield tag="338" ind1=" " ind2=" ">
         <marc:subfield code="a">online resource</marc:subfield>
         <marc:subfield code="b">cr</marc:subfield>
         <marc:subfield code="2">rdacarrier</marc:subfield>
      </marc:datafield>
      <marc:datafield tag="347" ind1=" " ind2=" ">
         <marc:subfield code="a">text file</marc:subfield>
         <marc:subfield code="2">rdaft</marc:subfield>
      </marc:datafield>
      <marc:datafield tag="347" ind1=" " ind2=" ">
         <marc:subfield code="b">PDF</marc:subfield>
      </marc:datafield>
      <marc:datafield tag="538" ind1=" " ind2=" ">
         <marc:subfield code="a">System requirements: Adobe Reader or other PDF viewer.</marc:subfield>
      </marc:datafield>
      <marc:datafield tag="588" ind1=" " ind2=" ">
         <marc:subfield code="a">Description based on online resource; title from PDF title page.</marc:subfield>
      </marc:datafield>
      <marc:datafield tag="500" ind1=" " ind2=" ">
         <marc:subfield code="a">Extent pagination is PDF page count.</marc:subfield>
      </marc:datafield>
      <marc:datafield tag="500" ind1=" " ind2=" ">
         <marc:subfield code="a">Advisory committee: Xufeng Niu, Professor Directing Dissertation; Richard Nowakowski, University Representative; Chong Wu, Committee Member; Jonathan Bradley, Committee Member; Fred Huffer, Committee Member.</marc:subfield>
      </marc:datafield>
      <marc:datafield tag="500" ind1=" " ind2=" ">
         <marc:subfield code="a">A Dissertation submitted to the Department of Statistics in partial fulfillment of the requirements for the degree of Doctor of Philosophy.</marc:subfield>
      </marc:datafield>
      <marc:datafield tag="500" ind1=" " ind2=" ">
         <marc:subfield code="a">Date of Defense: October 20, 2023.</marc:subfield>
      </marc:datafield>
      <marc:datafield tag="502" ind1=" " ind2=" ">
         <marc:subfield code="b">Ph.D.</marc:subfield>
         <marc:subfield code="c">Florida State University</marc:subfield>
         <marc:subfield code="d">2023.</marc:subfield>
      </marc:datafield>
      <marc:datafield tag="520" ind1="3" ind2=" ">
         <marc:subfield code="a">A major objective in modern human genetics research is to better understand the molecular mechanisms underlying human complex traits. Although genome-wide association studies (GWASs) have been successful in detecting thousands of trait-associated and disease-associated genetic variants (i.e., single‐nucleotide polymorphisms [SNPs]), the genes responsible for these associations remain unclear because these SNPs explain only a small proportion of heritability. To characterize the genetic regulations of GWAS variants on traits and diseases, many statistical methods such as transcriptome-wide association studies (TWASs) and their extensions have been developed to integrate GWAS results with gene expression data. However, despite successes, existing TWASs suffer from substantial power loss since they miss many important biological contexts within trait or disease pathways. This thesis presents three novel statistical studies that incorporate those contexts leveraging the information of functional elements (e.g., cross-tissue correlation of gene expression and enhancer-promoter interactions) and post-transcriptional events (e.g., alternative splicing and RNA editing) to provide more insights into the underlying genetic landscape and etiology of traits and diseases. In the first chapter, we propose a computationally efficient testing method, referred to as Integrative Test for Associations via Cauchy Transformation (InTACT), that effectively combines information across multiple tissues and thus improves the power of identifying associated genes. Through simulation studies, we show that InTACT maintains high power while properly controlling for Type 1 error rates. We applied InTACT to the largest GWAS of Alzheimer’s disease (AD) to date and identified 227 genome-wide significant genes, of which 130 were not identified by benchmark methods, TWAS and MultiXcan. Importantly, InTACT identified five novel loci for AD. We implemented InTACT in publicly available software, ``InTACT.'' In the second chapter, we perform a comprehensive splicing transcriptome-wide association study (spTWAS) to identify the susceptible splicing introns for AD risk. A total of 111,326 (46,828 proxy) cases and 677,663 controls of European ancestry were studied. We identified 343 associations of 233 splicing introns (143 genes) with AD risk after Bonferroni correction. Fine-mapping analyses supported 155 likely causal associations corresponding to 83 splicing introns of 55 genes. Eighteen causal splicing introns of 15 novel genes were identified for the first time to be related to AD susceptibility. Our study identified novel genes and splicing introns associated with AD risk, which can improve our understanding of the etiology of AD. In the third chapter, we reveal the impact of genetically regulated adenosine-to-inosine (A-to-I) RNA editing on various traits, by systematically analyzing datasets of A-to-I RNA editing, a post-transcriptional process crucial for adapting innate immune response. We conducted both editing-site- and gene-level association studies of predicting A-to-I RNA editing and testing its associations with the analyzed 37 traits or diseases. Based on our prediction models of 49 tissues, we identified 383-21,098 editing sites and 44-1,338 genes per trait or disease, of which 86.5\% and 79.2\% were validated for causal attributions, respectively. We highlight our findings for autoimmune and inflammatory diseases to characterize the role of A-to-I RNA editing in adjusting the immune sensing system.</marc:subfield>
      </marc:datafield>
      <marc:datafield tag="504" ind1=" " ind2=" ">
         <marc:subfield code="a">Includes bibliographical references.</marc:subfield>
      </marc:datafield>
      <marc:datafield tag="650" ind1=" " ind2="0">
         <marc:subfield code="a">Biometry</marc:subfield>
      </marc:datafield>
      <marc:datafield tag="655" ind1=" " ind2="7">
         <marc:subfield code="a">Electronic Thesis or Dissertation.</marc:subfield>
         <marc:subfield code="2">dct</marc:subfield>
      </marc:datafield>
      <marc:datafield tag="690" ind1=" " ind2="7">
         <marc:subfield code="a">FSU Dissertations.</marc:subfield>
         <marc:subfield code="2">local</marc:subfield>
         <marc:subfield code="9">LOCAL</marc:subfield>
      </marc:datafield>
      <marc:datafield tag="710" ind1="2" ind2=" ">
         <marc:subfield code="a">Florida State University.</marc:subfield>
         <marc:subfield code="e">degree granting institution.</marc:subfield>
         <marc:subfield code="0">http://id.loc.gov/authorities/names/n80126238</marc:subfield>
      </marc:datafield>
      <marc:datafield tag="856" ind1="4" ind2="0">
         <marc:subfield code="3">FSU Research Repository</marc:subfield>
         <marc:subfield code="u">https://purl.lib.fsu.edu/diginole/Bae_fsu_0071E_18313</marc:subfield>
         <marc:subfield code="y">Connect to online content:</marc:subfield>
      </marc:datafield>
      <marc:datafield tag="796" ind1="1" ind2=" ">
         <marc:subfield code="a">Niu, Xufeng,</marc:subfield>
         <marc:subfield code="d">1954-</marc:subfield>
         <marc:subfield code="e">professor directing dissertation</marc:subfield>
         <marc:subfield code="9">LOCAL</marc:subfield>
      </marc:datafield>
      <marc:datafield tag="796" ind1="1" ind2=" ">
         <marc:subfield code="a">Nowakowski, Richard S.,</marc:subfield>
         <marc:subfield code="e">university representative</marc:subfield>
         <marc:subfield code="9">LOCAL</marc:subfield>
      </marc:datafield>
      <marc:datafield tag="796" ind1="1" ind2=" ">
         <marc:subfield code="a">Wu, Chong,</marc:subfield>
         <marc:subfield code="e">committee member</marc:subfield>
         <marc:subfield code="9">LOCAL</marc:subfield>
      </marc:datafield>
      <marc:datafield tag="796" ind1="1" ind2=" ">
         <marc:subfield code="a">Bradley, Jonathan R.,</marc:subfield>
         <marc:subfield code="e">committee member</marc:subfield>
         <marc:subfield code="9">LOCAL</marc:subfield>
      </marc:datafield>
      <marc:datafield tag="796" ind1="1" ind2=" ">
         <marc:subfield code="a">Huffer, Fred W.</marc:subfield>
         <marc:subfield code="q">(Fred William),</marc:subfield>
         <marc:subfield code="e">committee member</marc:subfield>
         <marc:subfield code="9">LOCAL</marc:subfield>
      </marc:datafield>
      <marc:datafield tag="797" ind1="2" ind2=" ">
         <marc:subfield code="a">Florida State University.</marc:subfield>
         <marc:subfield code="b">Department of Statistics.</marc:subfield>
         <marc:subfield code="9">LOCAL</marc:subfield>
      </marc:datafield>
      <marc:datafield tag="904" ind1=" " ind2=" ">
         <marc:subfield code="a">0</marc:subfield>
         <marc:subfield code="9">LOCAL</marc:subfield>
      </marc:datafield>
   </marc:record>