
   <marc:record>
      <marc:leader>     nam  22      i 4500</marc:leader>
      <marc:controlfield tag="006">m     o  d        </marc:controlfield>
      <marc:controlfield tag="007">cr |||||||||||</marc:controlfield>
      <marc:controlfield tag="008">      s2023    flu     obm   000 0 eng d</marc:controlfield>
      <marc:datafield tag="040" ind1=" " ind2=" ">
         <marc:subfield code="a">FDA</marc:subfield>
         <marc:subfield code="b">eng</marc:subfield>
         <marc:subfield code="e">rda</marc:subfield>
         <marc:subfield code="c">FDA</marc:subfield>
      </marc:datafield>
      <marc:datafield tag="050" ind1=" " ind2="4">
         <marc:subfield code="a">GV713</marc:subfield>
      </marc:datafield>
      <marc:datafield tag="100" ind1="1" ind2=" ">
         <marc:subfield code="a">Beck, Courtney Ann,</marc:subfield>
         <marc:subfield code="e">author</marc:subfield>
      </marc:datafield>
      <marc:datafield tag="245" ind1="1" ind2="0">
         <marc:subfield code="a">Female Student-Athlete Leadership, Mentorship, and the Transition to the Post-Collegiate Labor Force /</marc:subfield>
         <marc:subfield code="c">by Courtney Ann Beck</marc:subfield>
      </marc:datafield>
      <marc:datafield tag="264" ind1=" " ind2="1">
         <marc:subfield code="a">Tallahassee, Florida :</marc:subfield>
         <marc:subfield code="b">Florida State University,</marc:subfield>
         <marc:subfield code="c">2023</marc:subfield>
      </marc:datafield>
      <marc:datafield tag="300" ind1=" " ind2=" ">
         <marc:subfield code="a">1 online resource (170 pages)</marc:subfield>
      </marc:datafield>
      <marc:datafield tag="336" ind1=" " ind2=" ">
         <marc:subfield code="a">text</marc:subfield>
         <marc:subfield code="b">txt</marc:subfield>
         <marc:subfield code="2">rdacontent</marc:subfield>
      </marc:datafield>
      <marc:datafield tag="337" ind1=" " ind2=" ">
         <marc:subfield code="a">computer</marc:subfield>
         <marc:subfield code="b">c</marc:subfield>
         <marc:subfield code="2">rdamedia</marc:subfield>
      </marc:datafield>
      <marc:datafield tag="338" ind1=" " ind2=" ">
         <marc:subfield code="a">online resource</marc:subfield>
         <marc:subfield code="b">cr</marc:subfield>
         <marc:subfield code="2">rdacarrier</marc:subfield>
      </marc:datafield>
      <marc:datafield tag="347" ind1=" " ind2=" ">
         <marc:subfield code="a">text file</marc:subfield>
         <marc:subfield code="2">rdaft</marc:subfield>
      </marc:datafield>
      <marc:datafield tag="347" ind1=" " ind2=" ">
         <marc:subfield code="b">PDF</marc:subfield>
      </marc:datafield>
      <marc:datafield tag="538" ind1=" " ind2=" ">
         <marc:subfield code="a">System requirements: Adobe Reader or other PDF viewer.</marc:subfield>
      </marc:datafield>
      <marc:datafield tag="588" ind1=" " ind2=" ">
         <marc:subfield code="a">Description based on online resource; title from PDF title page.</marc:subfield>
      </marc:datafield>
      <marc:datafield tag="500" ind1=" " ind2=" ">
         <marc:subfield code="a">Extent pagination is PDF page count.</marc:subfield>
      </marc:datafield>
      <marc:datafield tag="500" ind1=" " ind2=" ">
         <marc:subfield code="a">Advisory committee: Michael D. Giardina, Professor Directing Dissertation; David Eccles, University Representative; Amy Kim, Committee Member; Hanhan Xue, Committee Member.</marc:subfield>
      </marc:datafield>
      <marc:datafield tag="500" ind1=" " ind2=" ">
         <marc:subfield code="a">A Dissertation submitted to the Department of Sport Management in partial fulfillment of the requirements for the degree of Doctor of Philosophy.</marc:subfield>
      </marc:datafield>
      <marc:datafield tag="500" ind1=" " ind2=" ">
         <marc:subfield code="a">Date of Defense: October 19, 2023.</marc:subfield>
      </marc:datafield>
      <marc:datafield tag="502" ind1=" " ind2=" ">
         <marc:subfield code="b">Ph.D.</marc:subfield>
         <marc:subfield code="c">Florida State University</marc:subfield>
         <marc:subfield code="d">2023.</marc:subfield>
      </marc:datafield>
      <marc:datafield tag="520" ind1="3" ind2=" ">
         <marc:subfield code="a">This past year (2022) marked the 50th Anniversary of Title IX of the 1972 Education Amendments, which prohibits sex-based discrimination in any school or any other education program that receives federal funding (Hextrum and Sethi, 2022). This federal anti-discrimination law has had a particular impact on sport, directly leading to an increased amount of participation in sport by girls and women, thus showcasing much talent from female athletes. Since the enactment of Title IX, women have come a long way in sport, however, there is progress still left to be witnessed for women (Acosta and Carpenter, 2009). Female athletes are gaining attention not just from fans and marketers, but venture capitalists are pouring their financial efforts into women’s sports (Strauss and Hensley-Clancy, 2021). Given the heightened focus on female athletes especially-whether in media coverage, endorsements (for professionals) or Name-Image-Likeness (NIL; for collegiate) sponsorships, discourses of empowerment, and the promotion of women as leaders in the workforce more generally- it is critical to explore the preparation and development of leadership skills that female student-athletes are receiving during their collegiate career. There is a general acknowledgement in the literature on leadership concerning an underrepresentation of women in leadership positions, globally (Evans and Pfister, 2021). It is important to understand what female student-athletes’ needs and desires are while still in college and how a university can invest in women to meet these needs through resource accessibility. Investigating at the collegiate level is imperative because education and opportunities available for the development of essential leadership skills can begin earlier for female student-athletes before they reach the workforce. This could potentially increase the number of women set to take on leadership positions in the industry of sport. As such, in this dissertation the focus is to understand current and former DI female student-athletes’ perspectives on leadership development, mentorship opportunities, and preparation for the post-collegiate labor force. This study encompassed five research questions: RQ1: What are the perceived professional needs of current DI female student-athletes which could allow for the attainment of success in leadership roles in the workforce? RQ2: What are the professional needs identified from former DI female student-athletes which could equip current student-athletes allowing for the attainment of success in leadership roles in the workforce? RQ3: How do DI female student-athletes experience types of leadership and mentorship opportunities at the university level? RQ4: What types of leadership and mentorship opportunities do DI female student-athletes seek to obtain? RQ5: What types of leadership/mentorship experiences do former DI female student-athletes believe would help a current female student-athlete prepare for the workforce? Using thematic analysis (Braun &amp; Clarke, 2006), I identified themes from interviews of both current and former DI female student-athletes concerning their experiences with leadership training, mentorship they received, and preparation for the post-collegiate labor force. Key findings and summarized themes involve mentorship, student-development, communication, community, and leadership skills development. The need to focus on effective communication skill development was highlighted throughout this study. Participants explained the importance of entailing communication skills to be of significance for a leader to possess. Communication skills were also understood to be of importance to assist others in need, as well as function effectively in the workforce. Potential implications and recommendations for future research are identified that involve specific direction of leadership development and mentorship to be offered at the collegiate level to ensure effective preparation is present for DI female student-athletes concerning the post-collegiate labor force.</marc:subfield>
      </marc:datafield>
      <marc:datafield tag="504" ind1=" " ind2=" ">
         <marc:subfield code="a">Includes bibliographical references.</marc:subfield>
      </marc:datafield>
      <marc:datafield tag="650" ind1=" " ind2="0">
         <marc:subfield code="a">Sports administration</marc:subfield>
      </marc:datafield>
      <marc:datafield tag="655" ind1=" " ind2="7">
         <marc:subfield code="a">Electronic Thesis or Dissertation.</marc:subfield>
         <marc:subfield code="2">dct</marc:subfield>
      </marc:datafield>
      <marc:datafield tag="690" ind1=" " ind2="7">
         <marc:subfield code="a">FSU Dissertations.</marc:subfield>
         <marc:subfield code="2">local</marc:subfield>
         <marc:subfield code="9">LOCAL</marc:subfield>
      </marc:datafield>
      <marc:datafield tag="710" ind1="2" ind2=" ">
         <marc:subfield code="a">Florida State University.</marc:subfield>
         <marc:subfield code="e">degree granting institution.</marc:subfield>
         <marc:subfield code="0">http://id.loc.gov/authorities/names/n80126238</marc:subfield>
      </marc:datafield>
      <marc:datafield tag="856" ind1="4" ind2="0">
         <marc:subfield code="3">FSU Research Repository</marc:subfield>
         <marc:subfield code="u">https://purl.lib.fsu.edu/diginole/Beck_fsu_0071E_18307</marc:subfield>
         <marc:subfield code="y">Connect to online content:</marc:subfield>
      </marc:datafield>
      <marc:datafield tag="796" ind1="1" ind2=" ">
         <marc:subfield code="a">Giardina, Michael D.,</marc:subfield>
         <marc:subfield code="d">1976-</marc:subfield>
         <marc:subfield code="e">professor directing dissertation</marc:subfield>
         <marc:subfield code="9">LOCAL</marc:subfield>
      </marc:datafield>
      <marc:datafield tag="796" ind1="1" ind2=" ">
         <marc:subfield code="a">Eccles, David W.,</marc:subfield>
         <marc:subfield code="e">university representative</marc:subfield>
         <marc:subfield code="9">LOCAL</marc:subfield>
      </marc:datafield>
      <marc:datafield tag="796" ind1="1" ind2=" ">
         <marc:subfield code="a">Kim, Amy C. H.</marc:subfield>
         <marc:subfield code="q">(Amy Chan Hyung),</marc:subfield>
         <marc:subfield code="e">committee member</marc:subfield>
         <marc:subfield code="9">LOCAL</marc:subfield>
      </marc:datafield>
      <marc:datafield tag="796" ind1="1" ind2=" ">
         <marc:subfield code="a">Xue, Hanhan,</marc:subfield>
         <marc:subfield code="e">committee member</marc:subfield>
         <marc:subfield code="9">LOCAL</marc:subfield>
      </marc:datafield>
      <marc:datafield tag="797" ind1="2" ind2=" ">
         <marc:subfield code="a">Florida State University.</marc:subfield>
         <marc:subfield code="b">Department of Sport Management.</marc:subfield>
         <marc:subfield code="9">LOCAL</marc:subfield>
      </marc:datafield>
      <marc:datafield tag="904" ind1=" " ind2=" ">
         <marc:subfield code="a">0</marc:subfield>
         <marc:subfield code="9">LOCAL</marc:subfield>
      </marc:datafield>
   </marc:record>