
   <marc:record>
      <marc:leader>     nam  22      i 4500</marc:leader>
      <marc:controlfield tag="006">m     o  d        </marc:controlfield>
      <marc:controlfield tag="007">cr |||||||||||</marc:controlfield>
      <marc:controlfield tag="008">      s2023    flu     obm   000 0 eng d</marc:controlfield>
      <marc:datafield tag="040" ind1=" " ind2=" ">
         <marc:subfield code="a">FDA</marc:subfield>
         <marc:subfield code="b">eng</marc:subfield>
         <marc:subfield code="e">rda</marc:subfield>
         <marc:subfield code="c">FDA</marc:subfield>
      </marc:datafield>
      <marc:datafield tag="050" ind1=" " ind2="4">
         <marc:subfield code="a">QC173.45</marc:subfield>
      </marc:datafield>
      <marc:datafield tag="100" ind1="1" ind2=" ">
         <marc:subfield code="a">Deng, Haoyun,</marc:subfield>
         <marc:subfield code="e">author</marc:subfield>
      </marc:datafield>
      <marc:datafield tag="245" ind1="1" ind2="0">
         <marc:subfield code="a">Pairing Due to Emergent Gauge Fields /</marc:subfield>
         <marc:subfield code="c">by Haoyun Deng</marc:subfield>
      </marc:datafield>
      <marc:datafield tag="264" ind1=" " ind2="1">
         <marc:subfield code="a">Tallahassee, Florida :</marc:subfield>
         <marc:subfield code="b">Florida State University,</marc:subfield>
         <marc:subfield code="c">2023</marc:subfield>
      </marc:datafield>
      <marc:datafield tag="300" ind1=" " ind2=" ">
         <marc:subfield code="a">1 online resource (124 pages)</marc:subfield>
      </marc:datafield>
      <marc:datafield tag="336" ind1=" " ind2=" ">
         <marc:subfield code="a">text</marc:subfield>
         <marc:subfield code="b">txt</marc:subfield>
         <marc:subfield code="2">rdacontent</marc:subfield>
      </marc:datafield>
      <marc:datafield tag="337" ind1=" " ind2=" ">
         <marc:subfield code="a">computer</marc:subfield>
         <marc:subfield code="b">c</marc:subfield>
         <marc:subfield code="2">rdamedia</marc:subfield>
      </marc:datafield>
      <marc:datafield tag="338" ind1=" " ind2=" ">
         <marc:subfield code="a">online resource</marc:subfield>
         <marc:subfield code="b">cr</marc:subfield>
         <marc:subfield code="2">rdacarrier</marc:subfield>
      </marc:datafield>
      <marc:datafield tag="347" ind1=" " ind2=" ">
         <marc:subfield code="a">text file</marc:subfield>
         <marc:subfield code="2">rdaft</marc:subfield>
      </marc:datafield>
      <marc:datafield tag="347" ind1=" " ind2=" ">
         <marc:subfield code="b">PDF</marc:subfield>
      </marc:datafield>
      <marc:datafield tag="538" ind1=" " ind2=" ">
         <marc:subfield code="a">System requirements: Adobe Reader or other PDF viewer.</marc:subfield>
      </marc:datafield>
      <marc:datafield tag="588" ind1=" " ind2=" ">
         <marc:subfield code="a">Description based on online resource; title from PDF title page.</marc:subfield>
      </marc:datafield>
      <marc:datafield tag="500" ind1=" " ind2=" ">
         <marc:subfield code="a">Extent pagination is PDF page count.</marc:subfield>
      </marc:datafield>
      <marc:datafield tag="500" ind1=" " ind2=" ">
         <marc:subfield code="a">Advisory committee: Nicholas E. Bonesteel, Professor Directing Dissertation; William S. Oates, University Representative; Hitesh J. Changlani, Committee Member; Peng Xiong, Committee Member; Jorge Piekarewicz, Committee Member.</marc:subfield>
      </marc:datafield>
      <marc:datafield tag="500" ind1=" " ind2=" ">
         <marc:subfield code="a">A Dissertation submitted to the Department of Physics in partial fulfillment of the requirements for the degree of Doctor of Philosophy.</marc:subfield>
      </marc:datafield>
      <marc:datafield tag="500" ind1=" " ind2=" ">
         <marc:subfield code="a">Date of Defense: October 30, 2023.</marc:subfield>
      </marc:datafield>
      <marc:datafield tag="500" ind1=" " ind2=" ">
         <marc:subfield code="a">Keywords: Bilayer Quantum Hall System, Chern-Simons Gauge Fields, Composite Fermion, Majorana Fermion, Strongly Correlated Electrons, Superconductivity.</marc:subfield>
      </marc:datafield>
      <marc:datafield tag="502" ind1=" " ind2=" ">
         <marc:subfield code="b">Ph.D.</marc:subfield>
         <marc:subfield code="c">Florida State University</marc:subfield>
         <marc:subfield code="d">2023.</marc:subfield>
      </marc:datafield>
      <marc:datafield tag="520" ind1="3" ind2=" ">
         <marc:subfield code="a">In this thesis, we study interlayer pairing of composite fermions in the $\nu=1/2+1/2$ quantum Hall bilayer as a possible framework for understanding the transition to a bilayer quantum Hall state. In the large layer spacing limit, ignoring disorder and for perfectly balanced wells, the interlayer pairing interaction mediated by the Chern-Simons gauge fields in the two layers is singular with both attractive (out-of-phase) and repulsive (in-phase) components. It was previously shown that if only the singular attractive interaction is included, the pairing gap obtained by solving the gap equation is proportional to the inverse of the layer spacing squared. We analyze the effect of both the pairing and pair-breaking gauge fluctuations on bilayer pairing as a function of layer spacing. We focus on the balanced case and take the point of view that the system can be described for large layer spacing as two composite fermion metals whose low-energy physics is described by the Halperin-Lee-Read theory, with appropriately renormalized effective mass. We analyze the solution to the $T=0$ gap equation using a model with frequency dependent interaction meant to describe the $\nu=1/2+1/2$ bilayer quantum Hall state starting from the limit of large layer spacing. This effective interaction contains a singular attractive interlayer pairing interaction, a less singular repulsive interlayer pairing interaction, as well as a non-singular coupling which we expect to depend on details of the system. The primary tool we use for our analysis is the so-called local approximation applied to the frequency dependent $T=0$ gap equation. Within this approximation we derive analytic and numerical results for the combined effect of the pairing and pair breaking. The local approximation solutions are then used as a starting point to iterate the full Eliashberg gap equations to assess the validity of the approximation in this limit. We first keep only the most singular interactions, both pairing and pair breaking. In the local approximation we find when the less singular repulsive interactions are included the energy gap is strongly suppressed, but still falls off as inverse layer spacing squared, consistent with recent Renormalization Group (RG) analysis. We also compare the results of the local approximation to exact solutions of the gap equation obtained numerically, verifying the essential validity of the approximation. We then describe our results for what happens as the short-range, non-singular interaction strength is varied, and the crossover from the weak gauge pairing we associate with the large layer spacing limit, to the strong BCS pairing due to strong short-range interaction in some angular momentum channels. We argue that within this interlayer pairing scenario, the experimentally observed transition from two compressible layers to an incompressible bilayer quantum Hall state, may reflect the strong crossover from a gauge pairing regime to a more conventional BCS type pairing. Next, we study the non-Fermi liquid behavior of this $\nu=1/2+1/2$ bilayer due to the self-energy effects. When only the pairing interaction is considered, its self energy only slightly lowers the pairing gap compared to the case where self-energy is ignored. This means in this case the effect of self-energy is small and we wouldn't see non-Fermi liquid physics here. The superconducting gap is big enough to cut off the divergence in self-energy before Fermi liquid theory breaks down. However, when including the pair-breaking interactions, the energy gap is greatly suppressed and the system is allowed to get closer to the non-Fermi liquid phase before pairing occurs. When the two kinds of self-energy is combined, their effect gets larger and additional suppression to the energy gap is enhanced. Lastly, we study the different pairing angular momentum channel by using the full Random Phase Approximation (RPA) interactions, and show that the $p-$wave pairing in the $l=1$ channel is favored over $l=0$ channel, and has larger energy gaps for various layer spacing. However, this difference becomes small in the large layer spacing limit.</marc:subfield>
      </marc:datafield>
      <marc:datafield tag="504" ind1=" " ind2=" ">
         <marc:subfield code="a">Includes bibliographical references.</marc:subfield>
      </marc:datafield>
      <marc:datafield tag="650" ind1=" " ind2="0">
         <marc:subfield code="a">Condensed matter</marc:subfield>
      </marc:datafield>
      <marc:datafield tag="655" ind1=" " ind2="7">
         <marc:subfield code="a">Electronic Thesis or Dissertation.</marc:subfield>
         <marc:subfield code="2">dct</marc:subfield>
      </marc:datafield>
      <marc:datafield tag="690" ind1=" " ind2="7">
         <marc:subfield code="a">FSU Dissertations.</marc:subfield>
         <marc:subfield code="2">local</marc:subfield>
         <marc:subfield code="9">LOCAL</marc:subfield>
      </marc:datafield>
      <marc:datafield tag="710" ind1="2" ind2=" ">
         <marc:subfield code="a">Florida State University.</marc:subfield>
         <marc:subfield code="e">degree granting institution.</marc:subfield>
         <marc:subfield code="0">http://id.loc.gov/authorities/names/n80126238</marc:subfield>
      </marc:datafield>
      <marc:datafield tag="856" ind1="4" ind2="0">
         <marc:subfield code="3">FSU Research Repository</marc:subfield>
         <marc:subfield code="u">https://purl.lib.fsu.edu/diginole/Deng_fsu_0071E_18309</marc:subfield>
         <marc:subfield code="y">Connect to online content:</marc:subfield>
      </marc:datafield>
      <marc:datafield tag="796" ind1="1" ind2=" ">
         <marc:subfield code="a">Bonesteel, N. E.,</marc:subfield>
         <marc:subfield code="e">professor directing dissertation</marc:subfield>
         <marc:subfield code="9">LOCAL</marc:subfield>
      </marc:datafield>
      <marc:datafield tag="796" ind1="1" ind2=" ">
         <marc:subfield code="a">Oates, William,</marc:subfield>
         <marc:subfield code="e">university representative</marc:subfield>
         <marc:subfield code="9">LOCAL</marc:subfield>
      </marc:datafield>
      <marc:datafield tag="796" ind1="1" ind2=" ">
         <marc:subfield code="a">Changlani, Hitesh Jaiprakash,</marc:subfield>
         <marc:subfield code="e">committee member</marc:subfield>
         <marc:subfield code="9">LOCAL</marc:subfield>
      </marc:datafield>
      <marc:datafield tag="796" ind1="1" ind2=" ">
         <marc:subfield code="a">Xiong, Peng,</marc:subfield>
         <marc:subfield code="e">committee member</marc:subfield>
         <marc:subfield code="9">LOCAL</marc:subfield>
      </marc:datafield>
      <marc:datafield tag="796" ind1="1" ind2=" ">
         <marc:subfield code="a">Piekarewicz, Jorge,</marc:subfield>
         <marc:subfield code="e">committee member</marc:subfield>
         <marc:subfield code="9">LOCAL</marc:subfield>
      </marc:datafield>
      <marc:datafield tag="797" ind1="2" ind2=" ">
         <marc:subfield code="a">Florida State University.</marc:subfield>
         <marc:subfield code="b">Department of Physics.</marc:subfield>
         <marc:subfield code="9">LOCAL</marc:subfield>
      </marc:datafield>
      <marc:datafield tag="904" ind1=" " ind2=" ">
         <marc:subfield code="a">0</marc:subfield>
         <marc:subfield code="9">LOCAL</marc:subfield>
      </marc:datafield>
   </marc:record>