
   <marc:record>
      <marc:leader>     nam  22      i 4500</marc:leader>
      <marc:controlfield tag="006">m     o  d        </marc:controlfield>
      <marc:controlfield tag="007">cr |||||||||||</marc:controlfield>
      <marc:controlfield tag="008">      s2023    flu     obm   000 0 eng d</marc:controlfield>
      <marc:datafield tag="040" ind1=" " ind2=" ">
         <marc:subfield code="a">FDA</marc:subfield>
         <marc:subfield code="b">eng</marc:subfield>
         <marc:subfield code="e">rda</marc:subfield>
         <marc:subfield code="c">FDA</marc:subfield>
      </marc:datafield>
      <marc:datafield tag="050" ind1=" " ind2="4">
         <marc:subfield code="a">HE193</marc:subfield>
      </marc:datafield>
      <marc:datafield tag="100" ind1="1" ind2=" ">
         <marc:subfield code="a">Elmi, Zeinab,</marc:subfield>
         <marc:subfield code="e">author</marc:subfield>
      </marc:datafield>
      <marc:datafield tag="245" ind1="1" ind2="0">
         <marc:subfield code="a">Models and Solution Approaches for the Vessel Schedule Recovery Problem with Conflicting Objectives /</marc:subfield>
         <marc:subfield code="c">by Zeinab Elmi</marc:subfield>
      </marc:datafield>
      <marc:datafield tag="264" ind1=" " ind2="1">
         <marc:subfield code="a">Tallahassee, Florida :</marc:subfield>
         <marc:subfield code="b">Florida State University,</marc:subfield>
         <marc:subfield code="c">2023</marc:subfield>
      </marc:datafield>
      <marc:datafield tag="300" ind1=" " ind2=" ">
         <marc:subfield code="a">1 online resource (220 pages)</marc:subfield>
      </marc:datafield>
      <marc:datafield tag="336" ind1=" " ind2=" ">
         <marc:subfield code="a">text</marc:subfield>
         <marc:subfield code="b">txt</marc:subfield>
         <marc:subfield code="2">rdacontent</marc:subfield>
      </marc:datafield>
      <marc:datafield tag="337" ind1=" " ind2=" ">
         <marc:subfield code="a">computer</marc:subfield>
         <marc:subfield code="b">c</marc:subfield>
         <marc:subfield code="2">rdamedia</marc:subfield>
      </marc:datafield>
      <marc:datafield tag="338" ind1=" " ind2=" ">
         <marc:subfield code="a">online resource</marc:subfield>
         <marc:subfield code="b">cr</marc:subfield>
         <marc:subfield code="2">rdacarrier</marc:subfield>
      </marc:datafield>
      <marc:datafield tag="347" ind1=" " ind2=" ">
         <marc:subfield code="a">text file</marc:subfield>
         <marc:subfield code="2">rdaft</marc:subfield>
      </marc:datafield>
      <marc:datafield tag="347" ind1=" " ind2=" ">
         <marc:subfield code="b">PDF</marc:subfield>
      </marc:datafield>
      <marc:datafield tag="538" ind1=" " ind2=" ">
         <marc:subfield code="a">System requirements: Adobe Reader or other PDF viewer.</marc:subfield>
      </marc:datafield>
      <marc:datafield tag="588" ind1=" " ind2=" ">
         <marc:subfield code="a">Description based on online resource; title from PDF title page.</marc:subfield>
      </marc:datafield>
      <marc:datafield tag="500" ind1=" " ind2=" ">
         <marc:subfield code="a">Extent pagination is PDF page count.</marc:subfield>
      </marc:datafield>
      <marc:datafield tag="500" ind1=" " ind2=" ">
         <marc:subfield code="a">Advisory committee: Maxim A. Dulebenets, Professor Directing Dissertation; O. Arda Vanli, University Representative; Ren Moses, Committee Member; Eren Ozguven, Committee Member.</marc:subfield>
      </marc:datafield>
      <marc:datafield tag="500" ind1=" " ind2=" ">
         <marc:subfield code="a">A Dissertation submitted to the Department of Civil and Environmental Engineering in partial fulfillment of the requirements for the degree of Doctor of Philosophy.</marc:subfield>
      </marc:datafield>
      <marc:datafield tag="500" ind1=" " ind2=" ">
         <marc:subfield code="a">Date of Defense: November 9, 2023.</marc:subfield>
      </marc:datafield>
      <marc:datafield tag="502" ind1=" " ind2=" ">
         <marc:subfield code="b">Ph.D.</marc:subfield>
         <marc:subfield code="c">Florida State University</marc:subfield>
         <marc:subfield code="d">2023.</marc:subfield>
      </marc:datafield>
      <marc:datafield tag="520" ind1="3" ind2=" ">
         <marc:subfield code="a">Global supply chains depend heavily on liner shipping networks, which connect countries and continents over a great distance at low transit costs. More than 80% of the world’s trade in goods is carried out by international shipping activities. As such, liner shipping companies invest significant time, resources, and effort in network planning and scheduling. Each liner shipping firm typically designs the network for cargo shipping at the strategic decision-making level over a predetermined time. A detailed vessel schedule design (e.g., determination of sailing speeds at sea voyage legs, determination of port times, deployment of own vessels, deployment of chartered vessels, etc.) is conducted at the tactical level. However, many factors and unexpected events are beyond the control of liner companies and can undermine even the most carefully conceived plans. For example, disruptions can emerge in the forms of adverse weather events, congestion in channels, or container terminals. In some cases, these disruptions may render a previously optimized schedule highly suboptimal or even infeasible. In addition, they can have a significant impact on the liner shipping companies’ profitability and the economic development of different countries. Liner shipping companies monitor their operations and take actions to recover their schedules and mitigate the impact of irregularities. This process is generally called “vessel schedule recovery problem”. Examples of actions considered during the vessel recovery process include swapping two port calls or omitting one entirely, vessel sailing speed adjustment, port skipping with and without container diversion, and handling rate adjustment. The vessel schedule recovery problem becomes even more complicated as liner shipping firms have to adhere to the International Maritime Organization (IMO) policies. The IMO imposes restrictions on the type of fuel that vessels can use within Emission Control Areas (ECAs), limiting the types of fuels that could be adopted and emission amounts. One critical challenge associated with the vessel schedule recovery problem is the conflicting nature of objectives we aim to optimize in this process. In maritime shipping, sustainability considerations are often complicated by multiple and often conflicting objectives. For instance, in the presence of the disruption, the liner shipping company may decide to increase the sailing speed to meet the agreed level of service; however, the fuel consumption and vessel emission will be increased. Consequently, total route service costs will increase too. Another example is when the liner shipping company employs slow steaming to comply with the IMO regulations, which reduces vessel emission and fuel consumption and thus lowers operating costs. On the other hand, liner shipping companies are under pressure to address the service level agreements with cargo customers (ensuring on-time deliveries) while implementing slow steaming as a recommended practice. Notably, it is impossible to employ slow steaming to reduce fuel consumption while improving service levels simultaneously. In previous studies, all conflicting objectives are often combined into one objective function. This approach restricts the ability of liner shipping companies to make trade-offs between conflicting objectives. The main disadvantage of this approach is that it cannot find Pareto-optimal solutions, particularly in the case of a nonconvex objective space. Consequently, multi-objective mathematical formulations are necessary to analyze trade-offs between conflicting actions, albeit being ignored by the current state-of-the-art. To overcome these challenges, this dissertation aims to explore new multi-objective mathematical models for the vessel schedule recovery problem, considering various important operational attributes (i.e., fuel costs, emission regulations, potential cargo diversion via intermodal networks, increasing port handling costs due to faster service). A set of customized solution approaches will be proposed in order to solve the presented multi-objective mathematical formulations in a reasonable computational time. Furthermore, a set of computational experiments will be conducted to illustrate critical managerial insights and important trade-offs between conflicting objects in vessel schedule recovery. Such insights would be essential to the associated stakeholders, including shipping lines, terminal operators, and inland operators.</marc:subfield>
      </marc:datafield>
      <marc:datafield tag="504" ind1=" " ind2=" ">
         <marc:subfield code="a">Includes bibliographical references.</marc:subfield>
      </marc:datafield>
      <marc:datafield tag="650" ind1=" " ind2="0">
         <marc:subfield code="a">Transportation</marc:subfield>
         <marc:subfield code="x">Planning</marc:subfield>
      </marc:datafield>
      <marc:datafield tag="655" ind1=" " ind2="7">
         <marc:subfield code="a">Electronic Thesis or Dissertation.</marc:subfield>
         <marc:subfield code="2">dct</marc:subfield>
      </marc:datafield>
      <marc:datafield tag="690" ind1=" " ind2="7">
         <marc:subfield code="a">FSU Dissertations.</marc:subfield>
         <marc:subfield code="2">local</marc:subfield>
         <marc:subfield code="9">LOCAL</marc:subfield>
      </marc:datafield>
      <marc:datafield tag="710" ind1="2" ind2=" ">
         <marc:subfield code="a">Florida State University.</marc:subfield>
         <marc:subfield code="e">degree granting institution.</marc:subfield>
         <marc:subfield code="0">http://id.loc.gov/authorities/names/n80126238</marc:subfield>
      </marc:datafield>
      <marc:datafield tag="856" ind1="4" ind2="0">
         <marc:subfield code="3">FSU Research Repository</marc:subfield>
         <marc:subfield code="u">https://purl.lib.fsu.edu/diginole/Elmi_fsu_0071E_18277</marc:subfield>
         <marc:subfield code="y">Connect to online content:</marc:subfield>
      </marc:datafield>
      <marc:datafield tag="796" ind1="1" ind2=" ">
         <marc:subfield code="a">Dulebenets, Maxim A.,</marc:subfield>
         <marc:subfield code="e">professor directing dissertation</marc:subfield>
         <marc:subfield code="9">LOCAL</marc:subfield>
      </marc:datafield>
      <marc:datafield tag="796" ind1="1" ind2=" ">
         <marc:subfield code="a">Vanli, Omer Arda,</marc:subfield>
         <marc:subfield code="e">university representative</marc:subfield>
         <marc:subfield code="9">LOCAL</marc:subfield>
      </marc:datafield>
      <marc:datafield tag="796" ind1="1" ind2=" ">
         <marc:subfield code="a">Moses, Ren,</marc:subfield>
         <marc:subfield code="e">committee member</marc:subfield>
         <marc:subfield code="9">LOCAL</marc:subfield>
      </marc:datafield>
      <marc:datafield tag="796" ind1="1" ind2=" ">
         <marc:subfield code="a">Ozguven, Eren Erman,</marc:subfield>
         <marc:subfield code="e">committee member</marc:subfield>
         <marc:subfield code="9">LOCAL</marc:subfield>
      </marc:datafield>
      <marc:datafield tag="797" ind1="2" ind2=" ">
         <marc:subfield code="a">Florida State University.</marc:subfield>
         <marc:subfield code="b">Department of Civil and Environmental Engineering.</marc:subfield>
         <marc:subfield code="9">LOCAL</marc:subfield>
      </marc:datafield>
      <marc:datafield tag="904" ind1=" " ind2=" ">
         <marc:subfield code="a">0</marc:subfield>
         <marc:subfield code="9">LOCAL</marc:subfield>
      </marc:datafield>
   </marc:record>