
   <marc:record>
      <marc:leader>     nam  22      i 4500</marc:leader>
      <marc:controlfield tag="006">m     o  d        </marc:controlfield>
      <marc:controlfield tag="007">cr |||||||||||</marc:controlfield>
      <marc:controlfield tag="008">      s2023    flu     obm   000 0 eng d</marc:controlfield>
      <marc:datafield tag="040" ind1=" " ind2=" ">
         <marc:subfield code="a">FDA</marc:subfield>
         <marc:subfield code="b">eng</marc:subfield>
         <marc:subfield code="e">rda</marc:subfield>
         <marc:subfield code="c">FDA</marc:subfield>
      </marc:datafield>
      <marc:datafield tag="050" ind1=" " ind2="4">
         <marc:subfield code="a">QC879.6</marc:subfield>
      </marc:datafield>
      <marc:datafield tag="050" ind1=" " ind2="4">
         <marc:subfield code="a">QC869</marc:subfield>
      </marc:datafield>
      <marc:datafield tag="100" ind1="1" ind2=" ">
         <marc:subfield code="a">Fite, Charles H.,</marc:subfield>
         <marc:subfield code="e">author</marc:subfield>
      </marc:datafield>
      <marc:datafield tag="245" ind1="1" ind2="2">
         <marc:subfield code="a">A New Inventory of Fire Emissions Estimates for the United States and Its Implications for Air Quality and Health /</marc:subfield>
         <marc:subfield code="c">by Charles H. Fite</marc:subfield>
      </marc:datafield>
      <marc:datafield tag="264" ind1=" " ind2="1">
         <marc:subfield code="a">Tallahassee, Florida :</marc:subfield>
         <marc:subfield code="b">Florida State University,</marc:subfield>
         <marc:subfield code="c">2023</marc:subfield>
      </marc:datafield>
      <marc:datafield tag="300" ind1=" " ind2=" ">
         <marc:subfield code="a">1 online resource (137 pages)</marc:subfield>
      </marc:datafield>
      <marc:datafield tag="336" ind1=" " ind2=" ">
         <marc:subfield code="a">text</marc:subfield>
         <marc:subfield code="b">txt</marc:subfield>
         <marc:subfield code="2">rdacontent</marc:subfield>
      </marc:datafield>
      <marc:datafield tag="337" ind1=" " ind2=" ">
         <marc:subfield code="a">computer</marc:subfield>
         <marc:subfield code="b">c</marc:subfield>
         <marc:subfield code="2">rdamedia</marc:subfield>
      </marc:datafield>
      <marc:datafield tag="338" ind1=" " ind2=" ">
         <marc:subfield code="a">online resource</marc:subfield>
         <marc:subfield code="b">cr</marc:subfield>
         <marc:subfield code="2">rdacarrier</marc:subfield>
      </marc:datafield>
      <marc:datafield tag="347" ind1=" " ind2=" ">
         <marc:subfield code="a">text file</marc:subfield>
         <marc:subfield code="2">rdaft</marc:subfield>
      </marc:datafield>
      <marc:datafield tag="347" ind1=" " ind2=" ">
         <marc:subfield code="b">PDF</marc:subfield>
      </marc:datafield>
      <marc:datafield tag="538" ind1=" " ind2=" ">
         <marc:subfield code="a">System requirements: Adobe Reader or other PDF viewer.</marc:subfield>
      </marc:datafield>
      <marc:datafield tag="588" ind1=" " ind2=" ">
         <marc:subfield code="a">Description based on online resource; title from PDF title page.</marc:subfield>
      </marc:datafield>
      <marc:datafield tag="500" ind1=" " ind2=" ">
         <marc:subfield code="a">Extent pagination is PDF page count.</marc:subfield>
      </marc:datafield>
      <marc:datafield tag="500" ind1=" " ind2=" ">
         <marc:subfield code="a">Advisory committee: Christopher D. Holmes, Professor Directing Dissertation; Bryan Quaife, University Representative; Alyssa R. Atwood, Committee Member; Henry E. Fuelberg, Committee Member; Mark A. Bourassa, Committee Member.</marc:subfield>
      </marc:datafield>
      <marc:datafield tag="500" ind1=" " ind2=" ">
         <marc:subfield code="a">A Dissertation submitted to the Department of Earth, Ocean, and Atmospheric Science in partial fulfillment of the requirements for the degree of Doctor of Philosophy.</marc:subfield>
      </marc:datafield>
      <marc:datafield tag="500" ind1=" " ind2=" ">
         <marc:subfield code="a">Date of Defense: October 3, 2023.</marc:subfield>
      </marc:datafield>
      <marc:datafield tag="500" ind1=" " ind2=" ">
         <marc:subfield code="a">Keywords: air quality, emissions, fire, health, PM2.5, satellite.</marc:subfield>
      </marc:datafield>
      <marc:datafield tag="502" ind1=" " ind2=" ">
         <marc:subfield code="b">Ph.D.</marc:subfield>
         <marc:subfield code="c">Florida State University</marc:subfield>
         <marc:subfield code="d">2023.</marc:subfield>
      </marc:datafield>
      <marc:datafield tag="520" ind1="3" ind2=" ">
         <marc:subfield code="a">Fire is a natural phenomenon that plays pivotal roles in terrestrial ecosystems but is ultimately tightly bound to human influence. In the United States (U.S.), fires (wildfires, prescribed fires, and agricultural fires) are the leading emission source of primary particulate matter with diameters less than 2.5 microns (PM2.5), a pollutant which poses a significant risk to human health. Wildfires in the western U.S. are known for their destructive capabilities and negative impacts on air quality. Prescribed (i.e., controlled) fires and agricultural fires are common in the southeastern U.S., where they are credited with reducing fuel loads, limiting wildfire occurrence and severity, sustaining biodiversity, or for removing crop residue around harvest. However, due to their prevalence, properly estimating their emissions and air quality impacts is crucial. Unfortunately, underrepresentation of small and short duration prescribed or agricultural fires and their emissions is common in many fire emissions inventories that use polar-orbiting satellites to detect fires, which overpass only several times a day. This dissertation uses thermal fire detections from a satellite in geostationary orbit over the U.S. (GOES-16), and regionally appropriate emission factors for eastern U.S. land cover types, to develop the GOES-16 Eastern U.S. Fire Emissions Inventory (GEUFE). Fire emissions from GEUFE are evaluated against 8 other inventories and causes for differences or biases in other inventories are explored. We find GEUFE to represent more prescribed and agricultural fires than most inventories, owing to the high temporal resolution satellite returns from GOES-16, and GEUFE is generally in the high-end of emissions estimates. Using GEUFE and several other inventories in a chemical transport model (GEOS-Chem) to simulate PM2.5 concentrations and aerosol optical depth (AOD), we find GEUFE emissions result in the best model comparison to networks of ground site observations and to aircraft measurements from the Fire Influence on Regional to Global Environments and Air Quality (FIREX-AQ) field campaign. GEUFE indicates annual mean smoke PM2.5 concentrations of 2-5 µg m-3 in the southeastern U.S., thereby suggesting that emissions from prescribed and agricultural fires are higher than previously thought. We then perform a health impact assessment of attributed mortality and asthma morbidity (emergency department visits and hospital admissions) from chronic and acute smoke PM2.5 exposure from western and eastern U.S. fire sources, and in urban and non-urban areas. We identify the most smoke impacted cities and non-urban areas, and we attribute nearly 26,000 annual deaths to chronic exposure to smoke from U.S. fires, of which 73% are attributable to smoke from eastern U.S. fires due to the proximity of those fires to high population densities in the eastern U.S. Lastly, we explore the differential impacts of four common fire types in the U.S. (western fires, eastern wildfires, eastern prescribed fires, and eastern agricultural fires) to PM2.5 air quality and to exceedances of the U.S. Environmental Protection Agency (EPA) National Ambient Air Quality Standard (NAAQS) for daily mean PM2.5. We find emissions and smoke PM2.5 from eastern prescribed fires to be comparable to, and higher in some instances, than western U.S. fires during the study period. While we find western fires to cause a higher number of NAAQS exceedance days than eastern U.S. fires, the air quality and health impacts from prescribed and agricultural burning are generally higher than past estimates. Despite prescribed burning having many other benefits that can potentially outweigh its negative health and air quality impacts, this dissertation identifies a need to perform additional cost benefit analysis of the common burning practice.</marc:subfield>
      </marc:datafield>
      <marc:datafield tag="504" ind1=" " ind2=" ">
         <marc:subfield code="a">Includes bibliographical references.</marc:subfield>
      </marc:datafield>
      <marc:datafield tag="650" ind1=" " ind2="0">
         <marc:subfield code="a">Atmospheric chemistry</marc:subfield>
      </marc:datafield>
      <marc:datafield tag="650" ind1=" " ind2="0">
         <marc:subfield code="a">Atmospheric sciences</marc:subfield>
      </marc:datafield>
      <marc:datafield tag="655" ind1=" " ind2="7">
         <marc:subfield code="a">Electronic Thesis or Dissertation.</marc:subfield>
         <marc:subfield code="2">dct</marc:subfield>
      </marc:datafield>
      <marc:datafield tag="690" ind1=" " ind2="7">
         <marc:subfield code="a">FSU Dissertations.</marc:subfield>
         <marc:subfield code="2">local</marc:subfield>
         <marc:subfield code="9">LOCAL</marc:subfield>
      </marc:datafield>
      <marc:datafield tag="710" ind1="2" ind2=" ">
         <marc:subfield code="a">Florida State University.</marc:subfield>
         <marc:subfield code="e">degree granting institution.</marc:subfield>
         <marc:subfield code="0">http://id.loc.gov/authorities/names/n80126238</marc:subfield>
      </marc:datafield>
      <marc:datafield tag="856" ind1="4" ind2="0">
         <marc:subfield code="3">FSU Research Repository</marc:subfield>
         <marc:subfield code="u">https://purl.lib.fsu.edu/diginole/Fite_fsu_0071E_18285</marc:subfield>
         <marc:subfield code="y">Connect to online content:</marc:subfield>
      </marc:datafield>
      <marc:datafield tag="796" ind1="1" ind2=" ">
         <marc:subfield code="a">Holmes, Christopher D.,</marc:subfield>
         <marc:subfield code="e">professor directing dissertation</marc:subfield>
         <marc:subfield code="9">LOCAL</marc:subfield>
      </marc:datafield>
      <marc:datafield tag="796" ind1="1" ind2=" ">
         <marc:subfield code="a">Quaife, Bryan,</marc:subfield>
         <marc:subfield code="e">university representative</marc:subfield>
         <marc:subfield code="9">LOCAL</marc:subfield>
      </marc:datafield>
      <marc:datafield tag="796" ind1="1" ind2=" ">
         <marc:subfield code="a">Atwood, Alyssa Regine,</marc:subfield>
         <marc:subfield code="e">committee member</marc:subfield>
         <marc:subfield code="9">LOCAL</marc:subfield>
      </marc:datafield>
      <marc:datafield tag="796" ind1="1" ind2=" ">
         <marc:subfield code="a">Fuelberg, Henry E.,</marc:subfield>
         <marc:subfield code="e">committee member</marc:subfield>
         <marc:subfield code="9">LOCAL</marc:subfield>
      </marc:datafield>
      <marc:datafield tag="796" ind1="1" ind2=" ">
         <marc:subfield code="a">Bourassa, Mark Allan,</marc:subfield>
         <marc:subfield code="e">committee member</marc:subfield>
         <marc:subfield code="9">LOCAL</marc:subfield>
      </marc:datafield>
      <marc:datafield tag="797" ind1="2" ind2=" ">
         <marc:subfield code="a">Florida State University.</marc:subfield>
         <marc:subfield code="b">Department of Earth, Ocean, and Atmospheric Science.</marc:subfield>
         <marc:subfield code="9">LOCAL</marc:subfield>
      </marc:datafield>
      <marc:datafield tag="904" ind1=" " ind2=" ">
         <marc:subfield code="a">0</marc:subfield>
         <marc:subfield code="9">LOCAL</marc:subfield>
      </marc:datafield>
   </marc:record>