
   <marc:record>
      <marc:leader>     nam  22      i 4500</marc:leader>
      <marc:controlfield tag="006">m     o  d        </marc:controlfield>
      <marc:controlfield tag="007">cr |||||||||||</marc:controlfield>
      <marc:controlfield tag="008">      s2022    flu     obm   000 0 eng d</marc:controlfield>
      <marc:datafield tag="040" ind1=" " ind2=" ">
         <marc:subfield code="a">FDA</marc:subfield>
         <marc:subfield code="b">eng</marc:subfield>
         <marc:subfield code="e">rda</marc:subfield>
         <marc:subfield code="c">FDA</marc:subfield>
      </marc:datafield>
      <marc:datafield tag="050" ind1=" " ind2="4">
         <marc:subfield code="a">BF636</marc:subfield>
      </marc:datafield>
      <marc:datafield tag="100" ind1="1" ind2=" ">
         <marc:subfield code="a">Kaminski, Sonya,</marc:subfield>
         <marc:subfield code="e">author</marc:subfield>
      </marc:datafield>
      <marc:datafield tag="245" ind1="1" ind2="4">
         <marc:subfield code="a">The Relationship between Childhood Trauma and Academic Functioning :</marc:subfield>
         <marc:subfield code="b">The Influence of Social Support as a Protective Factor /</marc:subfield>
         <marc:subfield code="c">by Sonya Kaminski</marc:subfield>
      </marc:datafield>
      <marc:datafield tag="264" ind1=" " ind2="1">
         <marc:subfield code="a">Tallahassee, Florida :</marc:subfield>
         <marc:subfield code="b">Florida State University,</marc:subfield>
         <marc:subfield code="c">2022</marc:subfield>
      </marc:datafield>
      <marc:datafield tag="300" ind1=" " ind2=" ">
         <marc:subfield code="a">1 online resource (138 pages)</marc:subfield>
      </marc:datafield>
      <marc:datafield tag="336" ind1=" " ind2=" ">
         <marc:subfield code="a">text</marc:subfield>
         <marc:subfield code="b">txt</marc:subfield>
         <marc:subfield code="2">rdacontent</marc:subfield>
      </marc:datafield>
      <marc:datafield tag="337" ind1=" " ind2=" ">
         <marc:subfield code="a">computer</marc:subfield>
         <marc:subfield code="b">c</marc:subfield>
         <marc:subfield code="2">rdamedia</marc:subfield>
      </marc:datafield>
      <marc:datafield tag="338" ind1=" " ind2=" ">
         <marc:subfield code="a">online resource</marc:subfield>
         <marc:subfield code="b">cr</marc:subfield>
         <marc:subfield code="2">rdacarrier</marc:subfield>
      </marc:datafield>
      <marc:datafield tag="347" ind1=" " ind2=" ">
         <marc:subfield code="a">text file</marc:subfield>
         <marc:subfield code="2">rdaft</marc:subfield>
      </marc:datafield>
      <marc:datafield tag="347" ind1=" " ind2=" ">
         <marc:subfield code="b">PDF</marc:subfield>
      </marc:datafield>
      <marc:datafield tag="538" ind1=" " ind2=" ">
         <marc:subfield code="a">System requirements: Adobe Reader or other PDF viewer.</marc:subfield>
      </marc:datafield>
      <marc:datafield tag="588" ind1=" " ind2=" ">
         <marc:subfield code="a">Description based on online resource; title from PDF title page.</marc:subfield>
      </marc:datafield>
      <marc:datafield tag="500" ind1=" " ind2=" ">
         <marc:subfield code="a">Extent pagination is PDF page count.</marc:subfield>
      </marc:datafield>
      <marc:datafield tag="500" ind1=" " ind2=" ">
         <marc:subfield code="a">Advisory committee: Lyndsay Jenkins, Professor Directing Dissertation; Christine Mokher, University Representative; Deb Osborn, Committee Member; Martin Swanbrow Becker, Committee Member.</marc:subfield>
      </marc:datafield>
      <marc:datafield tag="500" ind1=" " ind2=" ">
         <marc:subfield code="a">A Dissertation submitted to the Department of Educational Psychology and Learning Systems in partial fulfillment of the requirements for the degree of Doctor of Philosophy.</marc:subfield>
      </marc:datafield>
      <marc:datafield tag="500" ind1=" " ind2=" ">
         <marc:subfield code="a">Date of Defense: June 9, 2022.</marc:subfield>
      </marc:datafield>
      <marc:datafield tag="502" ind1=" " ind2=" ">
         <marc:subfield code="b">Ph.D.</marc:subfield>
         <marc:subfield code="c">Florida State University</marc:subfield>
         <marc:subfield code="d">2022.</marc:subfield>
      </marc:datafield>
      <marc:datafield tag="520" ind1="3" ind2=" ">
         <marc:subfield code="a">Research has demonstrated a clear connection between childhood trauma and later life difficulties, including difficulties in academic functioning. Specifically, childhood trauma is associated with declines in academic achievement (Blodgett &amp; Lanigan, 2018; Duke, 2020), attendance (Blodgett &amp; Lanigan, 2018; Crouch et al., 2019), and school engagement (Bethell et al., 2014; Crouch et al., 2019; Iachini et al., 2016). Some research has identified that certain types of trauma might be associated with different types of academic functioning (Crouch et al., 2019; Duke, 2020) and that these relationships may differ for boys and girls (Duke, 2020; Hardaway et al., 2014). However, such specific relationships and patterns are understudied. As well, though social support has been shown by preliminary research to serve as a protective factor between childhood trauma and academic functioning (Samuel &amp; Burger, 2020) research is greatly lacking in this area. Thus, the purpose of the current study was to explore relationships between childhood trauma, academic functioning, and academic functioning in adolescence while also examining potential gender differences. A sample of 380 adolescent participants (grades 9-12) were recruited from a Southeastern K-12 school and were included in the current study. The final sample (n=380) consisted of 45.8% boys (n=174) and 48.7% girls (n=185). The sample was 47.6% White Non-Hispanic (n=181), 22.9% Black or African American (n=87), 14.2% White Hispanic (n=54), 8.9% two or more races (n=34), 5.3% Asian (n=20), .5% American Indian (n=2), and .5% Native Hawaiian or Other (n=2). A cross-sectional design was utilized to investigate the following research questions: (1) Is childhood trauma associated with academic functioning for boys and girls?, (2) Are all 3 clusters of trauma (witnessing trauma, interpersonal trauma, and non-interpersonal trauma) associated with all three indicators academic functioning (academic achievement, attendance, and school engagement) for boys and girls?, and (3) Does social support (friend social support, family social support, and school social support) moderate the relationship between childhood trauma and academic functioning for boys and girls? Participants were asked questions related to childhood trauma experiences, social support, and academic functioning using the follow measures: Child PTSD Symptom Screener-5-Self-Report (CPSS-5-SR; Foa et al., 2017), the Delaware Student Engagement Scale (DSES; Bear et al., 2019), and the (CASSS; Malecki &amp; Demaray, 2001). Students’ GPA and attendance were also obtained and matched with students’ responses on the surveys. Additionally, demographic items such as race/ethnicity and gender were obtained. Data were analyzed using structural equation modeling (Research Questions 1 and 3) and path analysis (Research Question 2). Results from analyses demonstrated that childhood trauma was significantly associated with declines in academic functioning and that path strengths were different, but the difference was not statistically significant in this sample (Research Question 1). Further, results partially illustrated that some types of trauma may be more detrimental to some types of academic success. Again, there was no significant difference between boys and girls in this sample with one exception: the path between non-interpersonal trauma and attendance was statistically significant with path being stronger for girls than boys. (Research Question 2). Social support was not found to moderate the relationship between childhood trauma and academic functioning (Research Question 3). Implications for theory, clinical practice, and future research are covered.</marc:subfield>
      </marc:datafield>
      <marc:datafield tag="504" ind1=" " ind2=" ">
         <marc:subfield code="a">Includes bibliographical references.</marc:subfield>
      </marc:datafield>
      <marc:datafield tag="650" ind1=" " ind2="0">
         <marc:subfield code="a">Counseling psychology</marc:subfield>
      </marc:datafield>
      <marc:datafield tag="655" ind1=" " ind2="7">
         <marc:subfield code="a">Electronic Thesis or Dissertation.</marc:subfield>
         <marc:subfield code="2">dct</marc:subfield>
      </marc:datafield>
      <marc:datafield tag="690" ind1=" " ind2="7">
         <marc:subfield code="a">FSU Dissertations.</marc:subfield>
         <marc:subfield code="2">local</marc:subfield>
         <marc:subfield code="9">LOCAL</marc:subfield>
      </marc:datafield>
      <marc:datafield tag="710" ind1="2" ind2=" ">
         <marc:subfield code="a">Florida State University.</marc:subfield>
         <marc:subfield code="e">degree granting institution.</marc:subfield>
         <marc:subfield code="0">http://id.loc.gov/authorities/names/n80126238</marc:subfield>
      </marc:datafield>
      <marc:datafield tag="856" ind1="4" ind2="0">
         <marc:subfield code="3">FSU Research Repository</marc:subfield>
         <marc:subfield code="u">https://purl.lib.fsu.edu/diginole/Kaminski_fsu_0071E_17297</marc:subfield>
         <marc:subfield code="y">Connect to online content:</marc:subfield>
      </marc:datafield>
      <marc:datafield tag="796" ind1="1" ind2=" ">
         <marc:subfield code="a">Jenkins, Lyndsay Nicole,</marc:subfield>
         <marc:subfield code="e">professor directing dissertation</marc:subfield>
         <marc:subfield code="9">LOCAL</marc:subfield>
      </marc:datafield>
      <marc:datafield tag="796" ind1="1" ind2=" ">
         <marc:subfield code="a">Mokher, Christine G.,</marc:subfield>
         <marc:subfield code="e">university representative</marc:subfield>
         <marc:subfield code="9">LOCAL</marc:subfield>
      </marc:datafield>
      <marc:datafield tag="796" ind1="1" ind2=" ">
         <marc:subfield code="a">Osborn, Debra S.,</marc:subfield>
         <marc:subfield code="d">1968-</marc:subfield>
         <marc:subfield code="e">committee member</marc:subfield>
         <marc:subfield code="9">LOCAL</marc:subfield>
      </marc:datafield>
      <marc:datafield tag="796" ind1="1" ind2=" ">
         <marc:subfield code="a">Becker, Martin Swanbrow,</marc:subfield>
         <marc:subfield code="e">committee member</marc:subfield>
         <marc:subfield code="9">LOCAL</marc:subfield>
      </marc:datafield>
      <marc:datafield tag="797" ind1="2" ind2=" ">
         <marc:subfield code="a">Florida State University.</marc:subfield>
         <marc:subfield code="b">Department of Educational Psychology and Learning Systems.</marc:subfield>
         <marc:subfield code="9">LOCAL</marc:subfield>
      </marc:datafield>
      <marc:datafield tag="904" ind1=" " ind2=" ">
         <marc:subfield code="a">0</marc:subfield>
         <marc:subfield code="9">LOCAL</marc:subfield>
      </marc:datafield>
   </marc:record>