
   <marc:record>
      <marc:leader>     nam  22      i 4500</marc:leader>
      <marc:controlfield tag="006">m     o  d        </marc:controlfield>
      <marc:controlfield tag="007">cr |||||||||||</marc:controlfield>
      <marc:controlfield tag="008">      s2023    flu     obm   000 0 eng d</marc:controlfield>
      <marc:datafield tag="040" ind1=" " ind2=" ">
         <marc:subfield code="a">FDA</marc:subfield>
         <marc:subfield code="b">eng</marc:subfield>
         <marc:subfield code="e">rda</marc:subfield>
         <marc:subfield code="c">FDA</marc:subfield>
      </marc:datafield>
      <marc:datafield tag="050" ind1=" " ind2="4">
         <marc:subfield code="a">QH506</marc:subfield>
      </marc:datafield>
      <marc:datafield tag="100" ind1="1" ind2=" ">
         <marc:subfield code="a">Lee, Kwangjun,</marc:subfield>
         <marc:subfield code="e">author</marc:subfield>
      </marc:datafield>
      <marc:datafield tag="245" ind1="1" ind2="0">
         <marc:subfield code="a">Human Chronotype Is Determineded by Period Oscillations /</marc:subfield>
         <marc:subfield code="c">by Kwangjun Lee</marc:subfield>
      </marc:datafield>
      <marc:datafield tag="264" ind1=" " ind2="1">
         <marc:subfield code="a">Tallahassee, Florida :</marc:subfield>
         <marc:subfield code="b">Florida State University,</marc:subfield>
         <marc:subfield code="c">2023</marc:subfield>
      </marc:datafield>
      <marc:datafield tag="300" ind1=" " ind2=" ">
         <marc:subfield code="a">1 online resource (162 pages)</marc:subfield>
      </marc:datafield>
      <marc:datafield tag="336" ind1=" " ind2=" ">
         <marc:subfield code="a">text</marc:subfield>
         <marc:subfield code="b">txt</marc:subfield>
         <marc:subfield code="2">rdacontent</marc:subfield>
      </marc:datafield>
      <marc:datafield tag="337" ind1=" " ind2=" ">
         <marc:subfield code="a">computer</marc:subfield>
         <marc:subfield code="b">c</marc:subfield>
         <marc:subfield code="2">rdamedia</marc:subfield>
      </marc:datafield>
      <marc:datafield tag="338" ind1=" " ind2=" ">
         <marc:subfield code="a">online resource</marc:subfield>
         <marc:subfield code="b">cr</marc:subfield>
         <marc:subfield code="2">rdacarrier</marc:subfield>
      </marc:datafield>
      <marc:datafield tag="347" ind1=" " ind2=" ">
         <marc:subfield code="a">text file</marc:subfield>
         <marc:subfield code="2">rdaft</marc:subfield>
      </marc:datafield>
      <marc:datafield tag="347" ind1=" " ind2=" ">
         <marc:subfield code="b">PDF</marc:subfield>
      </marc:datafield>
      <marc:datafield tag="538" ind1=" " ind2=" ">
         <marc:subfield code="a">System requirements: Adobe Reader or other PDF viewer.</marc:subfield>
      </marc:datafield>
      <marc:datafield tag="588" ind1=" " ind2=" ">
         <marc:subfield code="a">Description based on online resource; title from PDF title page.</marc:subfield>
      </marc:datafield>
      <marc:datafield tag="500" ind1=" " ind2=" ">
         <marc:subfield code="a">Extent pagination is PDF page count.</marc:subfield>
      </marc:datafield>
      <marc:datafield tag="500" ind1=" " ind2=" ">
         <marc:subfield code="a">Advisory committee: Choogon Lee, Professor Directing Dissertation; Henry W. Bass, University Representative; Jerome Irianto, Committee Member; Yue Julia Wang, Committee Member.</marc:subfield>
      </marc:datafield>
      <marc:datafield tag="500" ind1=" " ind2=" ">
         <marc:subfield code="a">A Dissertation submitted to the Department of Biomedical Sciences in partial fulfillment of the requirements for the degree of Doctor of Philosophy.</marc:subfield>
      </marc:datafield>
      <marc:datafield tag="500" ind1=" " ind2=" ">
         <marc:subfield code="a">Date of Defense: October 24, 2023.</marc:subfield>
      </marc:datafield>
      <marc:datafield tag="502" ind1=" " ind2=" ">
         <marc:subfield code="b">Ph.D.</marc:subfield>
         <marc:subfield code="c">Florida State University</marc:subfield>
         <marc:subfield code="d">2023.</marc:subfield>
      </marc:datafield>
      <marc:datafield tag="520" ind1="3" ind2=" ">
         <marc:subfield code="a">Circadian clocks are endogenous timekeepers, but they need to be synchronized, or entrained, with external cues such as solar time to stay in harmony with the external environment. The circadian clocks give selective advantages to humans by adapting and optimizing our body system in this 24 h living environment. These intrinsic circadian clocks intertwine with nearly all aspects of human physiology. Thus, disruption of circadian clocks is closely associated with diverse disease conditions such as metabolic, cardiovascular, and sleep diseases. Sleeping is regulated by two internal mechanisms, homeostasis and circadian rhythms. These two internal biological systems are synchronized with environmental cues to optimize the timing and duration of sleep closely related to the quality of life. More than 70 million people suffer from sleep disorders in the U.S. The deprivation of sleep interferes not only with cognitive function but also with personal mood. Specifically, circadian rhythm sleep disorders (CRSD) are caused by alterations in the endogenous circadian time-keeping system itself or a misalignment between the endogenous circadian clock and external circumstances. The CRSD patients are primarily treated by pharmacological strategies by targeting melatonin, orexin, or core clock genes. Behavioral approaches such as light exposure adjustment and scheduled feeding have reported promising outcomes. However, understanding the molecular mechanism and genetics of human CRSDs is at a very early stage. We examined the molecular mechanism of PERIOD (PER), a key factor in the circadian clock, by generating PER1-Luc and PER2-Luc cell lines using the CRISPR-mediated HDR system. This allowed us to monitor PER1/2 oscillations in real-time. Next, we targeted several key amino acids in the PAS and CKBD domains and monitored PER oscillation to identify functional sequence motifs in Per1/2. Our study revealed that PAS dimerization-induced phosphorylation is crucial for PER oscillations, leading to its translocation into the nucleus. Additionally, we explored the diverse roles of functional sequence motifs in CKBD. Deletion of FASP in-frame mutant PER1 and PER2 shortened the period, while newly synthesized FASP mutants accelerated phosphorylation and underwent hyperphosphorylation and earlier degradation. Mutants in CK1BD-A or CK1BD-B exhibited defective phosphorylation, resulting in a lengthened period. In CK1BD-B mutant PER2, hPer1 knockout disrupted phosphorylation, rendering PER2 stable and arrhythmic. Furthermore, we created PER1 and PER2 PAS B mutant mice, with Per1W448E/W448E; Per2W419E/W419E mice displaying a human FASP chronotype. These findings significantly enhance our understanding of PER's functional role in sustaining circadian clocks and regular sleep-wake cycles. We demonstrated the invaluable utility of PER-Luc reporter cell lines as a resource for studying the circadian clock. Additionally, we introduced a method for generating mutant mice with disrupted circadian rhythms. Through our approach, it becomes feasible to create mouse models mimicking human sleep disorders effortlessly. While our focus was on investigating functional sequence motifs in PER, the experimental approach employed in this study could be extended to other clock genes for studying sleep disorders.</marc:subfield>
      </marc:datafield>
      <marc:datafield tag="504" ind1=" " ind2=" ">
         <marc:subfield code="a">Includes bibliographical references.</marc:subfield>
      </marc:datafield>
      <marc:datafield tag="650" ind1=" " ind2="0">
         <marc:subfield code="a">Molecular biology</marc:subfield>
      </marc:datafield>
      <marc:datafield tag="655" ind1=" " ind2="7">
         <marc:subfield code="a">Electronic Thesis or Dissertation.</marc:subfield>
         <marc:subfield code="2">dct</marc:subfield>
      </marc:datafield>
      <marc:datafield tag="690" ind1=" " ind2="7">
         <marc:subfield code="a">FSU Dissertations.</marc:subfield>
         <marc:subfield code="2">local</marc:subfield>
         <marc:subfield code="9">LOCAL</marc:subfield>
      </marc:datafield>
      <marc:datafield tag="710" ind1="2" ind2=" ">
         <marc:subfield code="a">Florida State University.</marc:subfield>
         <marc:subfield code="e">degree granting institution.</marc:subfield>
         <marc:subfield code="0">http://id.loc.gov/authorities/names/n80126238</marc:subfield>
      </marc:datafield>
      <marc:datafield tag="856" ind1="4" ind2="0">
         <marc:subfield code="3">FSU Research Repository</marc:subfield>
         <marc:subfield code="u">https://purl.lib.fsu.edu/diginole/Lee_fsu_0071E_18315</marc:subfield>
         <marc:subfield code="y">Connect to online content:</marc:subfield>
      </marc:datafield>
      <marc:datafield tag="796" ind1="1" ind2=" ">
         <marc:subfield code="a">Lee, Choogon,</marc:subfield>
         <marc:subfield code="e">professor directing dissertation</marc:subfield>
         <marc:subfield code="9">LOCAL</marc:subfield>
      </marc:datafield>
      <marc:datafield tag="796" ind1="1" ind2=" ">
         <marc:subfield code="a">Bass, Hank W.,</marc:subfield>
         <marc:subfield code="e">university representative</marc:subfield>
         <marc:subfield code="9">LOCAL</marc:subfield>
      </marc:datafield>
      <marc:datafield tag="796" ind1="1" ind2=" ">
         <marc:subfield code="a">Irianto, Jerome,</marc:subfield>
         <marc:subfield code="e">committee member</marc:subfield>
         <marc:subfield code="9">LOCAL</marc:subfield>
      </marc:datafield>
      <marc:datafield tag="796" ind1="1" ind2=" ">
         <marc:subfield code="a">Wang, Yue Julia,</marc:subfield>
         <marc:subfield code="e">committee member</marc:subfield>
         <marc:subfield code="9">LOCAL</marc:subfield>
      </marc:datafield>
      <marc:datafield tag="797" ind1="2" ind2=" ">
         <marc:subfield code="a">Florida State University.</marc:subfield>
         <marc:subfield code="b">Department of Biomedical Sciences.</marc:subfield>
         <marc:subfield code="9">LOCAL</marc:subfield>
      </marc:datafield>
      <marc:datafield tag="904" ind1=" " ind2=" ">
         <marc:subfield code="a">0</marc:subfield>
         <marc:subfield code="9">LOCAL</marc:subfield>
      </marc:datafield>
   </marc:record>