
   <marc:record>
      <marc:leader>     nam  22      i 4500</marc:leader>
      <marc:controlfield tag="006">m     o  d        </marc:controlfield>
      <marc:controlfield tag="007">cr |||||||||||</marc:controlfield>
      <marc:controlfield tag="008">      s2023    flu     obm   000 0 eng d</marc:controlfield>
      <marc:datafield tag="040" ind1=" " ind2=" ">
         <marc:subfield code="a">FDA</marc:subfield>
         <marc:subfield code="b">eng</marc:subfield>
         <marc:subfield code="e">rda</marc:subfield>
         <marc:subfield code="c">FDA</marc:subfield>
      </marc:datafield>
      <marc:datafield tag="050" ind1=" " ind2="4">
         <marc:subfield code="a">GE40</marc:subfield>
      </marc:datafield>
      <marc:datafield tag="100" ind1="1" ind2=" ">
         <marc:subfield code="a">Li, Siqi,</marc:subfield>
         <marc:subfield code="e">author</marc:subfield>
      </marc:datafield>
      <marc:datafield tag="245" ind1="1" ind2="0">
         <marc:subfield code="a">Refining the Cycling Framework of Vanadium Isotopes in Marine Environments and the Future Application to Better Reconstruct the Ancient Marine Redox Variations /</marc:subfield>
         <marc:subfield code="c">by Siqi Li</marc:subfield>
      </marc:datafield>
      <marc:datafield tag="264" ind1=" " ind2="1">
         <marc:subfield code="a">Tallahassee, Florida :</marc:subfield>
         <marc:subfield code="b">Florida State University,</marc:subfield>
         <marc:subfield code="c">2023</marc:subfield>
      </marc:datafield>
      <marc:datafield tag="300" ind1=" " ind2=" ">
         <marc:subfield code="a">1 online resource (131 pages)</marc:subfield>
      </marc:datafield>
      <marc:datafield tag="336" ind1=" " ind2=" ">
         <marc:subfield code="a">text</marc:subfield>
         <marc:subfield code="b">txt</marc:subfield>
         <marc:subfield code="2">rdacontent</marc:subfield>
      </marc:datafield>
      <marc:datafield tag="337" ind1=" " ind2=" ">
         <marc:subfield code="a">computer</marc:subfield>
         <marc:subfield code="b">c</marc:subfield>
         <marc:subfield code="2">rdamedia</marc:subfield>
      </marc:datafield>
      <marc:datafield tag="338" ind1=" " ind2=" ">
         <marc:subfield code="a">online resource</marc:subfield>
         <marc:subfield code="b">cr</marc:subfield>
         <marc:subfield code="2">rdacarrier</marc:subfield>
      </marc:datafield>
      <marc:datafield tag="347" ind1=" " ind2=" ">
         <marc:subfield code="a">text file</marc:subfield>
         <marc:subfield code="2">rdaft</marc:subfield>
      </marc:datafield>
      <marc:datafield tag="347" ind1=" " ind2=" ">
         <marc:subfield code="b">PDF</marc:subfield>
      </marc:datafield>
      <marc:datafield tag="538" ind1=" " ind2=" ">
         <marc:subfield code="a">System requirements: Adobe Reader or other PDF viewer.</marc:subfield>
      </marc:datafield>
      <marc:datafield tag="588" ind1=" " ind2=" ">
         <marc:subfield code="a">Description based on online resource; title from PDF title page.</marc:subfield>
      </marc:datafield>
      <marc:datafield tag="500" ind1=" " ind2=" ">
         <marc:subfield code="a">Extent pagination is PDF page count.</marc:subfield>
      </marc:datafield>
      <marc:datafield tag="500" ind1=" " ind2=" ">
         <marc:subfield code="a">Advisory committee: Jeremy D. Owens, Professor Directing Dissertation; Oliver Steinbock, University Representative; Mainak Mookherjee, Committee Member; Seth Young, Committee Member.</marc:subfield>
      </marc:datafield>
      <marc:datafield tag="500" ind1=" " ind2=" ">
         <marc:subfield code="a">A Dissertation submitted to the Department of Earth, Ocean, and Atmospheric Science in partial fulfillment of the requirements for the degree of Doctor of Philosophy.</marc:subfield>
      </marc:datafield>
      <marc:datafield tag="500" ind1=" " ind2=" ">
         <marc:subfield code="a">Date of Defense: September 29, 2023.</marc:subfield>
      </marc:datafield>
      <marc:datafield tag="502" ind1=" " ind2=" ">
         <marc:subfield code="b">Ph.D.</marc:subfield>
         <marc:subfield code="c">Florida State University</marc:subfield>
         <marc:subfield code="d">2023.</marc:subfield>
      </marc:datafield>
      <marc:datafield tag="520" ind1="3" ind2=" ">
         <marc:subfield code="a">Marine redox conditions are closely coupled with atmospheric oxygenation and essentially regulate the marine nutrient cycling (e.g., C, N, P, Fe, and S) in surficial processes, and marine life evolutions. Vast efforts have been invested, in the last decades, to reconstruct the geological marine redox perturbations, where the redox-sensitive elements, e.g., S, Mo, U, and Fe, including their sedimentary species and isotopic compositions, have been widely utilized to identify the strongly reducing conditions, i.e., anoxic conditions (oxygen- and H2S-absent water columns) and euxinic conditions (oxygen-absent yet with free H2S in the water columns). Recently, the V isotope system (50V and 51V) has emerged as a promising proxy to better constrain the previously underestimated low-oxygen environments in ancient oceans which can serve as the preceding stage of the widespread oceanic anoxia, essentially impacting the nutrient cycling pathways and casting oxygen-deprivation stress over the marine biological communities. However, research exploring the cycling of V isotopes in marine environments is still limited, thus, this dissertation research aims to: 1) better constrain the global variations of seawater V isotopic compositions (δ51V); and 2) the authigenic sedimentary δ51V values responding to different marine redox environments; hereafter, 3) V isotopes are applied to the relatively well-studied oceanic anoxic event 2 (OAE-2, ~ 94 million years ago), testifying the practicality of V isotopes to track the local and global marine redox fluctuations.The profiles of seawater V concentration ([V]) and isotopic composition were analyzed at ~40°S South Atlantic Ocean off the west African coast. The sampling profiles, spanning from ~ 5 m to ~ 4500 m, intersected nearly all the major water masses, thus experiencing different and complicated circulations. The results show relatively homogeneous seawater [V] and δ51V values in deep oceans below the euphotic zone (&gt; ~100 m), providing the most robust dataset that V behaves with conservative cycling in the deep oceans, excluding the more negative δ51V value in the Antarctic Bottom Water, which likely reflects regional influence from weathering input into the Antarctic continental margin. Such a negative shifting seems only local rather than extensive influence as suggested by the spatially consistent δ51V values of oxic sediments deposited in different ocean basins. On the other hand, local/regional processes such as the weathering inputs in near-coastal areas and severely restricted basins and the biological uptake of V in surface seawater can cause potential shiftings of the seawater δ51V values up to ~0.3‰. The pore fluid [V] values and the sedimentary metal element concentrations and δ51V values were studied in a setting of marine depositional environments along the California-Mexican oxygen minimum zone. The studied sites present major depositional variations in benthic redox conditions from oxic to anoxic and organic carbon burial rates varying between 0.08 8.4 mmol/(m2·day). It shows that the authigenic sedimentary δ51V signatures are primarily controlled by the benthic redox conditions, likely seeing the isotopic signature in the redox-controlling partition of vanadate and vanadyl species and subsequent scavenging processes, with more positive values documented in more reducing environments. The mineralogy of Mn and Fe oxides likely yields secondary impacts in oxic environments, with more negative authigenic sedimentary δ51V values observed in Mn oxide-rich sediments. Furthermore, profiles of the pore fluid [V] and the sedimentary elemental authigenesis indicate potential remobilization and redistribution of authigenic sedimentary V, which is mainly governed by the pore fluid redox gradients, whereas the invariant authigenic sedimentary δ51V values from surface sediments to depth at individual sites propose limited alterations of original signals by post-depositional diagenesis. Based on the fundamental framework of V cycling in modern marine environments, V isotopes were applied to three relatively well-studied sites documenting the OAE-2 event. At the Tarfaya Basin site and the tropical proto-North Atlantic Basin site, the authigenic sedimentary δ51V profiles present variations plotting in the anoxic-to-euxinic conditions, consistent with previous biogeochemical evidence. In contrast, the Demerara Rise site presents pronounced authigenic sedimentary δ51V variabilities, indicating wobbling benthic redox conditions between the low-oxygen conditions to the euxinic conditions. Especially, the negative δ51V perturbations pointing to more oxic benthic conditions coincide with the reappearances of the low-oxygen-tolerant benthic foraminifers. Such short-term variations to more oxic benthic conditions allowing for the proliferation of opportunistic benthic faunas are not tracked by previous geochemical proxies, owing to redox sensitivities and/or complicated burial mechanisms. Altogether, our research provided an improved cycling framework of V isotopes in marine environments, allowing for more explicit interpretations of ancient sedimentary δ51V records. Coupling with previous geochemical tools, this further allows for refining ancient temporospatial marine redox variabilities and associated nutrient cycling and biological perturbations.</marc:subfield>
      </marc:datafield>
      <marc:datafield tag="504" ind1=" " ind2=" ">
         <marc:subfield code="a">Includes bibliographical references.</marc:subfield>
      </marc:datafield>
      <marc:datafield tag="506" ind1=" " ind2=" ">
         <marc:subfield code="a">This thesis/dissertation may be embargoed for a limited time. Click access link to check availability.</marc:subfield>
      </marc:datafield>
      <marc:datafield tag="650" ind1=" " ind2="0">
         <marc:subfield code="a">Geology</marc:subfield>
      </marc:datafield>
      <marc:datafield tag="655" ind1=" " ind2="7">
         <marc:subfield code="a">Electronic Thesis or Dissertation.</marc:subfield>
         <marc:subfield code="2">dct</marc:subfield>
      </marc:datafield>
      <marc:datafield tag="690" ind1=" " ind2="7">
         <marc:subfield code="a">FSU Dissertations.</marc:subfield>
         <marc:subfield code="2">local</marc:subfield>
         <marc:subfield code="9">LOCAL</marc:subfield>
      </marc:datafield>
      <marc:datafield tag="710" ind1="2" ind2=" ">
         <marc:subfield code="a">Florida State University.</marc:subfield>
         <marc:subfield code="e">degree granting institution.</marc:subfield>
         <marc:subfield code="0">http://id.loc.gov/authorities/names/n80126238</marc:subfield>
      </marc:datafield>
      <marc:datafield tag="856" ind1="4" ind2="0">
         <marc:subfield code="3">FSU Research Repository</marc:subfield>
         <marc:subfield code="u">https://purl.lib.fsu.edu/diginole/Li_fsu_0071E_18279</marc:subfield>
         <marc:subfield code="y">Connect to online content:</marc:subfield>
      </marc:datafield>
      <marc:datafield tag="796" ind1="1" ind2=" ">
         <marc:subfield code="a">Owens, Jeremy D.,</marc:subfield>
         <marc:subfield code="e">professor directing dissertation</marc:subfield>
         <marc:subfield code="9">LOCAL</marc:subfield>
      </marc:datafield>
      <marc:datafield tag="796" ind1="1" ind2=" ">
         <marc:subfield code="a">Steinbock, Oliver,</marc:subfield>
         <marc:subfield code="e">university representative</marc:subfield>
         <marc:subfield code="9">LOCAL</marc:subfield>
      </marc:datafield>
      <marc:datafield tag="796" ind1="1" ind2=" ">
         <marc:subfield code="a">Mookherjee, Mainak,</marc:subfield>
         <marc:subfield code="e">committee member</marc:subfield>
         <marc:subfield code="9">LOCAL</marc:subfield>
      </marc:datafield>
      <marc:datafield tag="796" ind1="1" ind2=" ">
         <marc:subfield code="a">Young, Seth A.,</marc:subfield>
         <marc:subfield code="e">committee member</marc:subfield>
         <marc:subfield code="9">LOCAL</marc:subfield>
      </marc:datafield>
      <marc:datafield tag="797" ind1="2" ind2=" ">
         <marc:subfield code="a">Florida State University.</marc:subfield>
         <marc:subfield code="b">Department of Earth, Ocean, and Atmospheric Science.</marc:subfield>
         <marc:subfield code="9">LOCAL</marc:subfield>
      </marc:datafield>
      <marc:datafield tag="904" ind1=" " ind2=" ">
         <marc:subfield code="a">4</marc:subfield>
         <marc:subfield code="9">LOCAL</marc:subfield>
      </marc:datafield>
   </marc:record>