
   <marc:record>
      <marc:leader>     nam  22      i 4500</marc:leader>
      <marc:controlfield tag="006">m     o  d        </marc:controlfield>
      <marc:controlfield tag="007">cr |||||||||||</marc:controlfield>
      <marc:controlfield tag="008">      s2023    flu     obm   000 0 eng d</marc:controlfield>
      <marc:datafield tag="040" ind1=" " ind2=" ">
         <marc:subfield code="a">FDA</marc:subfield>
         <marc:subfield code="b">eng</marc:subfield>
         <marc:subfield code="e">rda</marc:subfield>
         <marc:subfield code="c">FDA</marc:subfield>
      </marc:datafield>
      <marc:datafield tag="050" ind1=" " ind2="4">
         <marc:subfield code="a">LB3051</marc:subfield>
      </marc:datafield>
      <marc:datafield tag="100" ind1="1" ind2=" ">
         <marc:subfield code="a">Luo, Yachen,</marc:subfield>
         <marc:subfield code="e">author</marc:subfield>
      </marc:datafield>
      <marc:datafield tag="245" ind1="1" ind2="0">
         <marc:subfield code="a">Evaluation of Parameter Estimates and Standard Errors in Exploratory Factor Analysis with Ordered Categorical Data /</marc:subfield>
         <marc:subfield code="c">by Yachen Luo</marc:subfield>
      </marc:datafield>
      <marc:datafield tag="264" ind1=" " ind2="1">
         <marc:subfield code="a">Tallahassee, Florida :</marc:subfield>
         <marc:subfield code="b">Florida State University,</marc:subfield>
         <marc:subfield code="c">2023</marc:subfield>
      </marc:datafield>
      <marc:datafield tag="300" ind1=" " ind2=" ">
         <marc:subfield code="a">1 online resource (232 pages)</marc:subfield>
      </marc:datafield>
      <marc:datafield tag="336" ind1=" " ind2=" ">
         <marc:subfield code="a">text</marc:subfield>
         <marc:subfield code="b">txt</marc:subfield>
         <marc:subfield code="2">rdacontent</marc:subfield>
      </marc:datafield>
      <marc:datafield tag="337" ind1=" " ind2=" ">
         <marc:subfield code="a">computer</marc:subfield>
         <marc:subfield code="b">c</marc:subfield>
         <marc:subfield code="2">rdamedia</marc:subfield>
      </marc:datafield>
      <marc:datafield tag="338" ind1=" " ind2=" ">
         <marc:subfield code="a">online resource</marc:subfield>
         <marc:subfield code="b">cr</marc:subfield>
         <marc:subfield code="2">rdacarrier</marc:subfield>
      </marc:datafield>
      <marc:datafield tag="347" ind1=" " ind2=" ">
         <marc:subfield code="a">text file</marc:subfield>
         <marc:subfield code="2">rdaft</marc:subfield>
      </marc:datafield>
      <marc:datafield tag="347" ind1=" " ind2=" ">
         <marc:subfield code="b">PDF</marc:subfield>
      </marc:datafield>
      <marc:datafield tag="538" ind1=" " ind2=" ">
         <marc:subfield code="a">System requirements: Adobe Reader or other PDF viewer.</marc:subfield>
      </marc:datafield>
      <marc:datafield tag="588" ind1=" " ind2=" ">
         <marc:subfield code="a">Description based on online resource; title from PDF title page.</marc:subfield>
      </marc:datafield>
      <marc:datafield tag="500" ind1=" " ind2=" ">
         <marc:subfield code="a">Extent pagination is PDF page count.</marc:subfield>
      </marc:datafield>
      <marc:datafield tag="500" ind1=" " ind2=" ">
         <marc:subfield code="a">Advisory committee: Yanyun Yang, Professor Directing Dissertation; Fred Huffer, University Representative; Russell Almond, Committee Member; Betsy Jane Becker, Committee Member.</marc:subfield>
      </marc:datafield>
      <marc:datafield tag="500" ind1=" " ind2=" ">
         <marc:subfield code="a">A Dissertation submitted to the Department of Educational Psychology and Learning Systems in partial fulfillment of the requirements for the degree of Doctor of Philosophy.</marc:subfield>
      </marc:datafield>
      <marc:datafield tag="500" ind1=" " ind2=" ">
         <marc:subfield code="a">Date of Defense: November 16, 2023.</marc:subfield>
      </marc:datafield>
      <marc:datafield tag="502" ind1=" " ind2=" ">
         <marc:subfield code="b">Ed.D.</marc:subfield>
         <marc:subfield code="c">Florida State University</marc:subfield>
         <marc:subfield code="d">2023.</marc:subfield>
      </marc:datafield>
      <marc:datafield tag="520" ind1="3" ind2=" ">
         <marc:subfield code="a">In education and psychology, exploratory factor analysis (EFA) is mainly used in scale development or refinement. To select a final EFA model, researchers take into account not only the number of factors, but also parameter estimates along with their standard errors (SEs). Previous methodological studies in EFA have mainly focused on methods for determining the number of factors. Some studies have focused on parameter estimation with continuous data when the number of factors is “correct”. No studies have considered determination of the number of factors and evaluated parameter estimation for the EFA model with categorical data. The goal of this study is to evaluate the parameter estimation for the chosen EFA model when the optimal model is selected and when a non-optimal model is selected. In this study, I used statistical extraction approaches to examining parameter estimates and standard errors for EFA models with ordered categorical data via a Monte Carlo simulation study and demonstrated the methods using empirical data. In the simulation study, a variety of conditions were manipulated: the presence of minor factors, the magnitudes of factor loadings, the magnitude of factor correlations, sample sizes, the number of measurement indicators, the number of response categories, and the distribution of ordinal variables. Weighted least squares with mean and variance adjustment (WLSMV) and unweighted least squares with mean and variance adjustment (ULSMV) estimation methods were applied to analyze data. The chi-square statistics and two commonly used fit indices were used for model evaluation and model comparison to determine the final model. In the empirical study, data with three samples with sizes of 150, 300 and 600 which were randomly drawn from the 2019 Florida Standards Assessments for measuring English Language Arts (ELA) achievement of grade 4 students were used. Results from the simulation study showed that the optimal model was more likely to be chosen when the sample size was larger or when the true population model had a higher factor loading, a lower factor correlation, more measurement indicators, or a great number of response categories. When the optimal model was selected, the factor loadings and factor correlations were mostly accurately estimated when the true factor correlation was 0 but were severely underestimated when the true factor correlation was large (.5). The standard errors for factor loadings were substantially underestimated while the standard errors for factor correlations were substantially overestimated in most conditions. Parameter estimates and their standard errors were mainly impacted by the magnitude of the true factor loading or the true factor correlation. When the final model contained too few factors, the factor loading patterns were distorted. When the final model contained too many factors, the factor loading patterns for four of the factors were very similar to the factor loading pattern for major factors of the true model. The standard errors for indicators loaded on additional factors can be larger than the standard errors for indicators loaded on the four factors. Having small loading estimates and large standard errors for indicators for a factor could be a sign that this factor is a spurious factor. The empirical data were obtained from the grade 4 ELA data of 2019 FSA. All data were dichotomous. Eleven indicators measuring three areas of grade 4 ELA were chosen for the demonstration. The results were consistent with the findings from the simulation study. The model with the correct number of factors was selected as the final model when the sample size was large (i.e., 600). As the sample size increased, the factor loading patterns were closer to those of the correct model. Overall, the magnitude of factor loading, magnitude of factor correlation, sample size, the number of measurement indicators, and the number of response categories impacted the selection rates and the parameter estimation for EFA under most conditions. WLSMV and ULSMV performed similarly in estimating the parameters and standard errors, but WLSMV performed slightly better than ULSMV in selecting the optimal model under most conditions. The fit indices outperformed the chi-square statistics in selecting the optimal model as the final model. Findings from my study can help empirical researchers better understand the accuracy of parameter estimates and standard errors under different conditions in EFA when the optimal number of factors is selected, and the factor loading patterns when a suboptimal number of factors is selected. As a result, researchers can make better decisions in selecting the optimal model.</marc:subfield>
      </marc:datafield>
      <marc:datafield tag="504" ind1=" " ind2=" ">
         <marc:subfield code="a">Includes bibliographical references.</marc:subfield>
      </marc:datafield>
      <marc:datafield tag="506" ind1=" " ind2=" ">
         <marc:subfield code="a">This thesis/dissertation may be embargoed for a limited time. Click access link to check availability.</marc:subfield>
      </marc:datafield>
      <marc:datafield tag="650" ind1=" " ind2="0">
         <marc:subfield code="a">Educational tests and measurements</marc:subfield>
      </marc:datafield>
      <marc:datafield tag="655" ind1=" " ind2="7">
         <marc:subfield code="a">Electronic Thesis or Dissertation.</marc:subfield>
         <marc:subfield code="2">dct</marc:subfield>
      </marc:datafield>
      <marc:datafield tag="690" ind1=" " ind2="7">
         <marc:subfield code="a">FSU Dissertations.</marc:subfield>
         <marc:subfield code="2">local</marc:subfield>
         <marc:subfield code="9">LOCAL</marc:subfield>
      </marc:datafield>
      <marc:datafield tag="710" ind1="2" ind2=" ">
         <marc:subfield code="a">Florida State University.</marc:subfield>
         <marc:subfield code="e">degree granting institution.</marc:subfield>
         <marc:subfield code="0">http://id.loc.gov/authorities/names/n80126238</marc:subfield>
      </marc:datafield>
      <marc:datafield tag="856" ind1="4" ind2="0">
         <marc:subfield code="3">FSU Research Repository</marc:subfield>
         <marc:subfield code="u">https://purl.lib.fsu.edu/diginole/Luo_fsu_0071E_18205</marc:subfield>
         <marc:subfield code="y">Connect to online content:</marc:subfield>
      </marc:datafield>
      <marc:datafield tag="796" ind1="1" ind2=" ">
         <marc:subfield code="a">Yang, Yanyun,</marc:subfield>
         <marc:subfield code="e">professor directing dissertation</marc:subfield>
         <marc:subfield code="9">LOCAL</marc:subfield>
      </marc:datafield>
      <marc:datafield tag="796" ind1="1" ind2=" ">
         <marc:subfield code="a">Huffer, Fred W.</marc:subfield>
         <marc:subfield code="q">(Fred William),</marc:subfield>
         <marc:subfield code="e">university representative</marc:subfield>
         <marc:subfield code="9">LOCAL</marc:subfield>
      </marc:datafield>
      <marc:datafield tag="796" ind1="1" ind2=" ">
         <marc:subfield code="a">Almond, Russell G.,</marc:subfield>
         <marc:subfield code="e">committee member</marc:subfield>
         <marc:subfield code="9">LOCAL</marc:subfield>
      </marc:datafield>
      <marc:datafield tag="796" ind1="1" ind2=" ">
         <marc:subfield code="a">Becker, Betsy Jane,</marc:subfield>
         <marc:subfield code="d">1956-</marc:subfield>
         <marc:subfield code="e">committee member</marc:subfield>
         <marc:subfield code="9">LOCAL</marc:subfield>
      </marc:datafield>
      <marc:datafield tag="797" ind1="2" ind2=" ">
         <marc:subfield code="a">Florida State University.</marc:subfield>
         <marc:subfield code="b">Department of Educational Psychology and Learning Systems.</marc:subfield>
         <marc:subfield code="9">LOCAL</marc:subfield>
      </marc:datafield>
      <marc:datafield tag="904" ind1=" " ind2=" ">
         <marc:subfield code="a">4</marc:subfield>
         <marc:subfield code="9">LOCAL</marc:subfield>
      </marc:datafield>
   </marc:record>