
   <marc:record>
      <marc:leader>     nam  22      i 4500</marc:leader>
      <marc:controlfield tag="006">m     o  d        </marc:controlfield>
      <marc:controlfield tag="007">cr |||||||||||</marc:controlfield>
      <marc:controlfield tag="008">      s2023    flu     obm   000 0 eng d</marc:controlfield>
      <marc:datafield tag="040" ind1=" " ind2=" ">
         <marc:subfield code="a">FDA</marc:subfield>
         <marc:subfield code="b">eng</marc:subfield>
         <marc:subfield code="e">rda</marc:subfield>
         <marc:subfield code="c">FDA</marc:subfield>
      </marc:datafield>
      <marc:datafield tag="050" ind1=" " ind2="4">
         <marc:subfield code="a">TA347.A78</marc:subfield>
      </marc:datafield>
      <marc:datafield tag="050" ind1=" " ind2="4">
         <marc:subfield code="a">TK145</marc:subfield>
      </marc:datafield>
      <marc:datafield tag="050" ind1=" " ind2="4">
         <marc:subfield code="a">QA</marc:subfield>
      </marc:datafield>
      <marc:datafield tag="100" ind1="1" ind2=" ">
         <marc:subfield code="a">Nelson, Richard A.,</marc:subfield>
         <marc:subfield code="e">author</marc:subfield>
      </marc:datafield>
      <marc:datafield tag="245" ind1="1" ind2="0">
         <marc:subfield code="a">Tensor-Based Methods and Machine Learning :</marc:subfield>
         <marc:subfield code="b">Small Sample Set Pattern Recognition /</marc:subfield>
         <marc:subfield code="c">by Richard A. Nelson</marc:subfield>
      </marc:datafield>
      <marc:datafield tag="264" ind1=" " ind2="1">
         <marc:subfield code="a">Tallahassee, Florida :</marc:subfield>
         <marc:subfield code="b">Florida State University,</marc:subfield>
         <marc:subfield code="c">2023</marc:subfield>
      </marc:datafield>
      <marc:datafield tag="300" ind1=" " ind2=" ">
         <marc:subfield code="a">1 online resource (201 pages)</marc:subfield>
      </marc:datafield>
      <marc:datafield tag="336" ind1=" " ind2=" ">
         <marc:subfield code="a">text</marc:subfield>
         <marc:subfield code="b">txt</marc:subfield>
         <marc:subfield code="2">rdacontent</marc:subfield>
      </marc:datafield>
      <marc:datafield tag="337" ind1=" " ind2=" ">
         <marc:subfield code="a">computer</marc:subfield>
         <marc:subfield code="b">c</marc:subfield>
         <marc:subfield code="2">rdamedia</marc:subfield>
      </marc:datafield>
      <marc:datafield tag="338" ind1=" " ind2=" ">
         <marc:subfield code="a">online resource</marc:subfield>
         <marc:subfield code="b">cr</marc:subfield>
         <marc:subfield code="2">rdacarrier</marc:subfield>
      </marc:datafield>
      <marc:datafield tag="347" ind1=" " ind2=" ">
         <marc:subfield code="a">text file</marc:subfield>
         <marc:subfield code="2">rdaft</marc:subfield>
      </marc:datafield>
      <marc:datafield tag="347" ind1=" " ind2=" ">
         <marc:subfield code="b">PDF</marc:subfield>
      </marc:datafield>
      <marc:datafield tag="538" ind1=" " ind2=" ">
         <marc:subfield code="a">System requirements: Adobe Reader or other PDF viewer.</marc:subfield>
      </marc:datafield>
      <marc:datafield tag="588" ind1=" " ind2=" ">
         <marc:subfield code="a">Description based on online resource; title from PDF title page.</marc:subfield>
      </marc:datafield>
      <marc:datafield tag="500" ind1=" " ind2=" ">
         <marc:subfield code="a">Extent pagination is PDF page count.</marc:subfield>
      </marc:datafield>
      <marc:datafield tag="500" ind1=" " ind2=" ">
         <marc:subfield code="a">Advisory committee: Rodney G. Roberts, Professor Directing Dissertation; Anke Meyer-Baese, University Representative; Simon Y. Foo, Committee Member; Shonda L. Bernadin, Committee Member.</marc:subfield>
      </marc:datafield>
      <marc:datafield tag="500" ind1=" " ind2=" ">
         <marc:subfield code="a">A Dissertation submitted to the Department of Electrical and Computer Engineering in partial fulfillment of the requirements for the degree of Doctor of Philosophy.</marc:subfield>
      </marc:datafield>
      <marc:datafield tag="500" ind1=" " ind2=" ">
         <marc:subfield code="a">Date of Defense: November 17, 2023.</marc:subfield>
      </marc:datafield>
      <marc:datafield tag="500" ind1=" " ind2=" ">
         <marc:subfield code="a">Keywords: imaging, multilinear, subspace, tensor.</marc:subfield>
      </marc:datafield>
      <marc:datafield tag="502" ind1=" " ind2=" ">
         <marc:subfield code="b">Ph.D.</marc:subfield>
         <marc:subfield code="c">Florida State University</marc:subfield>
         <marc:subfield code="d">2023.</marc:subfield>
      </marc:datafield>
      <marc:datafield tag="520" ind1="3" ind2=" ">
         <marc:subfield code="a">With today’s trend toward ever growing amounts of data, deep learning approaches are increasingly deployed with impressive success, notably in image recognition and time series classification applications. State of the art performance of deep neural networks (DNNs) and related variants is often highly dependent upon the availability of a relatively large and diverse labeled training data set; several well-known deep convolutional neural networks (CNNs) were trained with over a million images for example, in large scale image recognition. For machine learning models which may not be considered ``deep" neural networks, a relatively large training set remains a key factor in how well these models perform when trained “from scratch". Yet, in numerous important applications, very large labeled training data sets simply may not be available. Examples include certain medical applications, and specialized remote imaging in intelligence and military applications. Applying conventional or deep machine learning models, or adapting deep learning models in these cases, can involve particular challenges given the model complexity and tendency for overfitting often encountered with smaller data sets. Further, certain techniques to mitigate overfitting issues such as data augmentation can involve additional challenges due to the nature of the data: suitable augmentation may not involve just simple geometric transformations, and it may be difficult to represent the data distribution. On the other hand, utilizing transfer learning first requires the existence of a potentially suitable pre-trained deep learning model which can be adapted, and second, that the original large training data set for that pre-trained model is sufficiently similar to the data in the smaller set of interest. In data sets of the type we consider here, lack of a suitable model pre-trained using a large similar training data set is a definite possibility. Apart from overfitting aspects, identifying an optimal structure for the model is also a very significant consideration with smaller data sets; overall, a great deal of model customization and trial-and-error may be necessary where small data sets are concerned. The focus then is specifically on data sets which fall under the scenario just outlined, and the primary objective is finding an effective solution for classification which avoids many of the issues involved with a highly complex model. An example in synthetic aperture radar (SAR) automatic target recognition (ATR) is the “moving and stationary target acquisition and recognition" imaging set approved for public release by AFRL for research purposes. This radar imaging collection has relatively small training set, ranging from approximately 200 to 300 examples of a given target or variant under various conditions. Further, characteristics of radar imaging such as random scattering and reflection, speckle, and influence of background complicate automatic target recognition. Deep learning models from the literature devised for this application, or often adapted from conventional optical image recognition, produce high ATR accuracy, but are very complex, highly customized, generally require extensive provisions to mitigate overfitting, and some may fail to fully address background influence which, for this imaging set, can produce results which are overly optimistic. In this dissertation, a tensor-based approach is utilized to address the SAR ATR problem as an alternative with far fewer parameters, lower complexity, little customization, and taking into account the imaging background influence; further, this approach can naturally exploit multiple image views in this application to enhance ATR performance. We examine versions of the tensor Tucker decomposition, utilizing truncated HOSVD, sequentially truncated HOSVD, and higher order orthogonal iteration for single image view and multiple image view approaches. We show that tensor-based methods can offer a very attractive alternative to complex machine learning models for this SAR imaging application, highlighting a class of methods which may warrant consideration in other applications involving limited training data, where high complexity machine learning models may be difficult to adapt.</marc:subfield>
      </marc:datafield>
      <marc:datafield tag="504" ind1=" " ind2=" ">
         <marc:subfield code="a">Includes bibliographical references.</marc:subfield>
      </marc:datafield>
      <marc:datafield tag="650" ind1=" " ind2="0">
         <marc:subfield code="a">Artificial intelligence</marc:subfield>
      </marc:datafield>
      <marc:datafield tag="650" ind1=" " ind2="0">
         <marc:subfield code="a">Electrical engineering</marc:subfield>
      </marc:datafield>
      <marc:datafield tag="650" ind1=" " ind2="0">
         <marc:subfield code="a">Applied mathematics</marc:subfield>
      </marc:datafield>
      <marc:datafield tag="655" ind1=" " ind2="7">
         <marc:subfield code="a">Electronic Thesis or Dissertation.</marc:subfield>
         <marc:subfield code="2">dct</marc:subfield>
      </marc:datafield>
      <marc:datafield tag="690" ind1=" " ind2="7">
         <marc:subfield code="a">FSU Dissertations.</marc:subfield>
         <marc:subfield code="2">local</marc:subfield>
         <marc:subfield code="9">LOCAL</marc:subfield>
      </marc:datafield>
      <marc:datafield tag="710" ind1="2" ind2=" ">
         <marc:subfield code="a">Florida State University.</marc:subfield>
         <marc:subfield code="e">degree granting institution.</marc:subfield>
         <marc:subfield code="0">http://id.loc.gov/authorities/names/n80126238</marc:subfield>
      </marc:datafield>
      <marc:datafield tag="856" ind1="4" ind2="0">
         <marc:subfield code="3">FSU Research Repository</marc:subfield>
         <marc:subfield code="u">https://purl.lib.fsu.edu/diginole/Nelson_fsu_0071E_18262</marc:subfield>
         <marc:subfield code="y">Connect to online content:</marc:subfield>
      </marc:datafield>
      <marc:datafield tag="796" ind1="1" ind2=" ">
         <marc:subfield code="a">Roberts, Rodney G.,</marc:subfield>
         <marc:subfield code="e">professor directing dissertation</marc:subfield>
         <marc:subfield code="9">LOCAL</marc:subfield>
      </marc:datafield>
      <marc:datafield tag="796" ind1="1" ind2=" ">
         <marc:subfield code="a">Meyer-Bäse, Anke,</marc:subfield>
         <marc:subfield code="e">university representative</marc:subfield>
         <marc:subfield code="9">LOCAL</marc:subfield>
      </marc:datafield>
      <marc:datafield tag="796" ind1="1" ind2=" ">
         <marc:subfield code="a">Foo, Simon Y.,</marc:subfield>
         <marc:subfield code="e">committee member</marc:subfield>
         <marc:subfield code="9">LOCAL</marc:subfield>
      </marc:datafield>
      <marc:datafield tag="796" ind1="1" ind2=" ">
         <marc:subfield code="a">Bernadin, Shonda,</marc:subfield>
         <marc:subfield code="e">committee member</marc:subfield>
         <marc:subfield code="9">LOCAL</marc:subfield>
      </marc:datafield>
      <marc:datafield tag="797" ind1="2" ind2=" ">
         <marc:subfield code="a">Florida State University.</marc:subfield>
         <marc:subfield code="b">Department of Electrical and Computer Engineering.</marc:subfield>
         <marc:subfield code="9">LOCAL</marc:subfield>
      </marc:datafield>
      <marc:datafield tag="904" ind1=" " ind2=" ">
         <marc:subfield code="a">0</marc:subfield>
         <marc:subfield code="9">LOCAL</marc:subfield>
      </marc:datafield>
   </marc:record>