
   <marc:record>
      <marc:leader>     nam  22      i 4500</marc:leader>
      <marc:controlfield tag="006">m     o  d        </marc:controlfield>
      <marc:controlfield tag="007">cr |||||||||||</marc:controlfield>
      <marc:controlfield tag="008">      s2023    flu     obm   000 0 eng d</marc:controlfield>
      <marc:datafield tag="040" ind1=" " ind2=" ">
         <marc:subfield code="a">FDA</marc:subfield>
         <marc:subfield code="b">eng</marc:subfield>
         <marc:subfield code="e">rda</marc:subfield>
         <marc:subfield code="c">FDA</marc:subfield>
      </marc:datafield>
      <marc:datafield tag="050" ind1=" " ind2="4">
         <marc:subfield code="a">QH307.2</marc:subfield>
      </marc:datafield>
      <marc:datafield tag="100" ind1="1" ind2=" ">
         <marc:subfield code="a">Rivers, Pearl Rae,</marc:subfield>
         <marc:subfield code="e">author</marc:subfield>
      </marc:datafield>
      <marc:datafield tag="245" ind1="1" ind2="0">
         <marc:subfield code="a">Investigating the Pattern and Process of Mate Choice in a Tropical Lekking Passerine Bird /</marc:subfield>
         <marc:subfield code="c">by Pearl Rae Rivers</marc:subfield>
      </marc:datafield>
      <marc:datafield tag="264" ind1=" " ind2="1">
         <marc:subfield code="a">Tallahassee, Florida :</marc:subfield>
         <marc:subfield code="b">Florida State University,</marc:subfield>
         <marc:subfield code="c">2023</marc:subfield>
      </marc:datafield>
      <marc:datafield tag="300" ind1=" " ind2=" ">
         <marc:subfield code="a">1 online resource (145 pages)</marc:subfield>
      </marc:datafield>
      <marc:datafield tag="336" ind1=" " ind2=" ">
         <marc:subfield code="a">text</marc:subfield>
         <marc:subfield code="b">txt</marc:subfield>
         <marc:subfield code="2">rdacontent</marc:subfield>
      </marc:datafield>
      <marc:datafield tag="337" ind1=" " ind2=" ">
         <marc:subfield code="a">computer</marc:subfield>
         <marc:subfield code="b">c</marc:subfield>
         <marc:subfield code="2">rdamedia</marc:subfield>
      </marc:datafield>
      <marc:datafield tag="338" ind1=" " ind2=" ">
         <marc:subfield code="a">online resource</marc:subfield>
         <marc:subfield code="b">cr</marc:subfield>
         <marc:subfield code="2">rdacarrier</marc:subfield>
      </marc:datafield>
      <marc:datafield tag="347" ind1=" " ind2=" ">
         <marc:subfield code="a">text file</marc:subfield>
         <marc:subfield code="2">rdaft</marc:subfield>
      </marc:datafield>
      <marc:datafield tag="347" ind1=" " ind2=" ">
         <marc:subfield code="b">PDF</marc:subfield>
      </marc:datafield>
      <marc:datafield tag="538" ind1=" " ind2=" ">
         <marc:subfield code="a">System requirements: Adobe Reader or other PDF viewer.</marc:subfield>
      </marc:datafield>
      <marc:datafield tag="588" ind1=" " ind2=" ">
         <marc:subfield code="a">Description based on online resource; title from PDF title page.</marc:subfield>
      </marc:datafield>
      <marc:datafield tag="500" ind1=" " ind2=" ">
         <marc:subfield code="a">Extent pagination is PDF page count.</marc:subfield>
      </marc:datafield>
      <marc:datafield tag="500" ind1=" " ind2=" ">
         <marc:subfield code="a">Advisory committee: Emily H. DuVal, Professor Directing Dissertation; Peter Beerli, University Representative; Kimberley A. Hughes, Committee Member; Don R. Levitan, Committee Member; Joseph Travis, Committee Member.</marc:subfield>
      </marc:datafield>
      <marc:datafield tag="500" ind1=" " ind2=" ">
         <marc:subfield code="a">A Dissertation submitted to the in partial fulfillment of the requirements for the degree of Doctor of Philosophy.</marc:subfield>
      </marc:datafield>
      <marc:datafield tag="500" ind1=" " ind2=" ">
         <marc:subfield code="a">Date of Defense: November 8, 2023.</marc:subfield>
      </marc:datafield>
      <marc:datafield tag="500" ind1=" " ind2=" ">
         <marc:subfield code="a">Keywords: chemical communication, major histocompatibility complex, manakin, mate choice, polyandry, sexual selection.</marc:subfield>
      </marc:datafield>
      <marc:datafield tag="502" ind1=" " ind2=" ">
         <marc:subfield code="b">Ph.D.</marc:subfield>
         <marc:subfield code="c">Florida State University</marc:subfield>
         <marc:subfield code="d">2023.</marc:subfield>
      </marc:datafield>
      <marc:datafield tag="520" ind1="3" ind2=" ">
         <marc:subfield code="a">Variation in female mate choice affects the strength of sexual selection, and understanding this variation is important to understanding the evolution of elaborate secondary sexual characteristics. However, female mate choice is a multidimensional process, incorporating complex male traits, variable female states, and environmental contexts. Despite decades of research on female mate choice, we still do not fully understand how these factors interact to drive variation in female mate choice decisions. My dissertation research investigates the causes and consequences of variability in mate choice in a population of lance-tailed manakins (Chiroxiphia lanceolata), a species of small Neotropical passerine bird. I address three aims with lance-tailed manakins as a study system: (1) understanding the causes and consequences of multiple mating in a lek mating system; (2) investigating the role of chemical signaling in mating behavior; and (3) characterizing the genomic structure of an immune system gene complex, the major-histocompatibility complex (MHC). Finally, I take a comparative approach to (4) investigate the relationship between sexual selection and gene duplication in the MHC across the passerine bird radiation. To understand variation in female mate choice in lance-tailed manakins, I combined data from long-term monitoring of a study population with data from short-term controlled field experiments. First, I explored variation among females in the choice to mate with one or more males in a reproductive bout. I tested several hypotheses about multiple mating in lance-tailed manakins, a system where female choice is unconstrained by the need to form a pair-bond. I found that multiple paternity within a nest was best predicted by male experience: males that were subordinate “betas” or that had fewer years of experience as an alpha male were more likely to share paternity in nests. Females may choose to mate with multiple males when their choices are not optimal. Second, I investigated chemical signaling in the mating behavior of a highly polygynous bird by experimentally altering the chemical cues at lance-tailed manakin courtship sites. I found that male lance-tailed manakins detect and respond to changes in the chemical environment on display perches, but females do not. The information conveyed by chemical cues may be most salient for males in this system, unlike trends reported in other passerine birds where both males and females respond to olfactory cues. While mate choice research in highly polygynous lek mating systems typically focuses on the most elaborate and obvious traits, the results presented here indicate that chemical signaling may be important to mating behavior. Third, I characterize the genomic structure of an immune system gene complex, the MHC, in lance-tailed manakins. Gene duplication and polymorphism in the MHC make it a challenging genome region to characterize. Using a recent high-quality genome assembly for lance-tailed manakins, I assembled and annotated MHC genes using two methods. Manual annotation methods more reliably recovered MHC loci, compared to the available algorithm-based annotations. Additionally, preliminary analysis of signatures of selection across an alignment of MHC sequences from several manakin species identified codons under positive and negative selection. These results set the stage for future analyses of the evolutionary consequences of sexual selection for the MHC. In my final chapter, I take a comparative approach to investigate the evolutionary consequences of sexual selection for gene duplication in the MHC. Across passerine birds, the MHC region is characterized by extreme copy number variation. Using whole genome assemblies, I estimated MHC copy number tested hypotheses about drivers of MHC duplication across the passerine bird radiation. I did not find any support for the hypothesis that sexual selection could drive accelerated duplication in the MHC region. Genome assembly quality was the only consistent predictor of MHC copy number, highlighting the challenges of characterizing complex and highly duplicated genomic regions. By examining variation within mate choice bouts, in relation to neglected signaling modes, and across long temporal scales, this work improves understanding of the axes of variation in mate choice and their effects on the evolutionary outcomes of sexual selection.</marc:subfield>
      </marc:datafield>
      <marc:datafield tag="504" ind1=" " ind2=" ">
         <marc:subfield code="a">Includes bibliographical references.</marc:subfield>
      </marc:datafield>
      <marc:datafield tag="650" ind1=" " ind2="0">
         <marc:subfield code="a">Biology</marc:subfield>
      </marc:datafield>
      <marc:datafield tag="655" ind1=" " ind2="7">
         <marc:subfield code="a">Electronic Thesis or Dissertation.</marc:subfield>
         <marc:subfield code="2">dct</marc:subfield>
      </marc:datafield>
      <marc:datafield tag="690" ind1=" " ind2="7">
         <marc:subfield code="a">FSU Dissertations.</marc:subfield>
         <marc:subfield code="2">local</marc:subfield>
         <marc:subfield code="9">LOCAL</marc:subfield>
      </marc:datafield>
      <marc:datafield tag="710" ind1="2" ind2=" ">
         <marc:subfield code="a">Florida State University.</marc:subfield>
         <marc:subfield code="e">degree granting institution.</marc:subfield>
         <marc:subfield code="0">http://id.loc.gov/authorities/names/n80126238</marc:subfield>
      </marc:datafield>
      <marc:datafield tag="856" ind1="4" ind2="0">
         <marc:subfield code="3">FSU Research Repository</marc:subfield>
         <marc:subfield code="u">https://purl.lib.fsu.edu/diginole/Rivers_fsu_0071E_18357</marc:subfield>
         <marc:subfield code="y">Connect to online content:</marc:subfield>
      </marc:datafield>
      <marc:datafield tag="796" ind1="1" ind2=" ">
         <marc:subfield code="a">DuVal, Emily H.,</marc:subfield>
         <marc:subfield code="e">professor directing dissertation</marc:subfield>
         <marc:subfield code="9">LOCAL</marc:subfield>
      </marc:datafield>
      <marc:datafield tag="796" ind1="1" ind2=" ">
         <marc:subfield code="a">Duval, Emily,</marc:subfield>
         <marc:subfield code="e">professor directing dissertation</marc:subfield>
         <marc:subfield code="9">LOCAL</marc:subfield>
      </marc:datafield>
      <marc:datafield tag="796" ind1="1" ind2=" ">
         <marc:subfield code="a">Beerli, Peter,</marc:subfield>
         <marc:subfield code="e">university representative</marc:subfield>
         <marc:subfield code="9">LOCAL</marc:subfield>
      </marc:datafield>
      <marc:datafield tag="796" ind1="1" ind2=" ">
         <marc:subfield code="a">Hughes, Kimberly A.,</marc:subfield>
         <marc:subfield code="d">1960-</marc:subfield>
         <marc:subfield code="e">committee member</marc:subfield>
         <marc:subfield code="9">LOCAL</marc:subfield>
      </marc:datafield>
      <marc:datafield tag="796" ind1="1" ind2=" ">
         <marc:subfield code="a">Levitan, Don R.,</marc:subfield>
         <marc:subfield code="e">committee member</marc:subfield>
         <marc:subfield code="9">LOCAL</marc:subfield>
      </marc:datafield>
      <marc:datafield tag="796" ind1="1" ind2=" ">
         <marc:subfield code="a">Travis, Joseph,</marc:subfield>
         <marc:subfield code="d">1953-</marc:subfield>
         <marc:subfield code="e">committee member</marc:subfield>
         <marc:subfield code="9">LOCAL</marc:subfield>
      </marc:datafield>
      <marc:datafield tag="797" ind1="2" ind2=" ">
         <marc:subfield code="a">Florida State University.</marc:subfield>
         <marc:subfield code="b">Department of Biological Science.</marc:subfield>
         <marc:subfield code="9">LOCAL</marc:subfield>
      </marc:datafield>
      <marc:datafield tag="904" ind1=" " ind2=" ">
         <marc:subfield code="a">0</marc:subfield>
         <marc:subfield code="9">LOCAL</marc:subfield>
      </marc:datafield>
   </marc:record>