
   <marc:record>
      <marc:leader>     nam  22      i 4500</marc:leader>
      <marc:controlfield tag="006">m     o  d        </marc:controlfield>
      <marc:controlfield tag="007">cr |||||||||||</marc:controlfield>
      <marc:controlfield tag="008">      s2023    flu     obm   000 0 eng d</marc:controlfield>
      <marc:datafield tag="040" ind1=" " ind2=" ">
         <marc:subfield code="a">FDA</marc:subfield>
         <marc:subfield code="b">eng</marc:subfield>
         <marc:subfield code="e">rda</marc:subfield>
         <marc:subfield code="c">FDA</marc:subfield>
      </marc:datafield>
      <marc:datafield tag="050" ind1=" " ind2="4">
         <marc:subfield code="a">HC79.E5</marc:subfield>
      </marc:datafield>
      <marc:datafield tag="100" ind1="1" ind2=" ">
         <marc:subfield code="a">Suresh Nair, Shweta,</marc:subfield>
         <marc:subfield code="e">author</marc:subfield>
      </marc:datafield>
      <marc:datafield tag="245" ind1="1" ind2="0">
         <marc:subfield code="a">Optimization of Flow Patterns in a Solid Particle Receiver for CSP /</marc:subfield>
         <marc:subfield code="c">by Shweta Suresh Nair</marc:subfield>
      </marc:datafield>
      <marc:datafield tag="264" ind1=" " ind2="1">
         <marc:subfield code="a">Tallahassee, Florida :</marc:subfield>
         <marc:subfield code="b">Florida State University,</marc:subfield>
         <marc:subfield code="c">2023</marc:subfield>
      </marc:datafield>
      <marc:datafield tag="300" ind1=" " ind2=" ">
         <marc:subfield code="a">1 online resource (76 pages)</marc:subfield>
      </marc:datafield>
      <marc:datafield tag="336" ind1=" " ind2=" ">
         <marc:subfield code="a">text</marc:subfield>
         <marc:subfield code="b">txt</marc:subfield>
         <marc:subfield code="2">rdacontent</marc:subfield>
      </marc:datafield>
      <marc:datafield tag="337" ind1=" " ind2=" ">
         <marc:subfield code="a">computer</marc:subfield>
         <marc:subfield code="b">c</marc:subfield>
         <marc:subfield code="2">rdamedia</marc:subfield>
      </marc:datafield>
      <marc:datafield tag="338" ind1=" " ind2=" ">
         <marc:subfield code="a">online resource</marc:subfield>
         <marc:subfield code="b">cr</marc:subfield>
         <marc:subfield code="2">rdacarrier</marc:subfield>
      </marc:datafield>
      <marc:datafield tag="347" ind1=" " ind2=" ">
         <marc:subfield code="a">text file</marc:subfield>
         <marc:subfield code="2">rdaft</marc:subfield>
      </marc:datafield>
      <marc:datafield tag="347" ind1=" " ind2=" ">
         <marc:subfield code="b">PDF</marc:subfield>
      </marc:datafield>
      <marc:datafield tag="538" ind1=" " ind2=" ">
         <marc:subfield code="a">System requirements: Adobe Reader or other PDF viewer.</marc:subfield>
      </marc:datafield>
      <marc:datafield tag="588" ind1=" " ind2=" ">
         <marc:subfield code="a">Description based on online resource; title from PDF title page.</marc:subfield>
      </marc:datafield>
      <marc:datafield tag="500" ind1=" " ind2=" ">
         <marc:subfield code="a">Extent pagination is PDF page count.</marc:subfield>
      </marc:datafield>
      <marc:datafield tag="500" ind1=" " ind2=" ">
         <marc:subfield code="a">Advisory committee: Juan Ordonez, Professor Directing Thesis; Partick Hollis, Committee Member; Simon Foo, Committee Member.</marc:subfield>
      </marc:datafield>
      <marc:datafield tag="500" ind1=" " ind2=" ">
         <marc:subfield code="a">A Thesis submitted to the Department of Mechanical Engineering in partial fulfillment of the requirements for the degree of Master of Science.</marc:subfield>
      </marc:datafield>
      <marc:datafield tag="500" ind1=" " ind2=" ">
         <marc:subfield code="a">Date of Defense: November 14, 2023.</marc:subfield>
      </marc:datafield>
      <marc:datafield tag="500" ind1=" " ind2=" ">
         <marc:subfield code="a">Keywords: concentrated solar power, constructal law theory, mass flow rate, mfix, resident time, solid particle receiver.</marc:subfield>
      </marc:datafield>
      <marc:datafield tag="502" ind1=" " ind2=" ">
         <marc:subfield code="b">M.S.</marc:subfield>
         <marc:subfield code="c">Florida State University</marc:subfield>
         <marc:subfield code="d">2023.</marc:subfield>
      </marc:datafield>
      <marc:datafield tag="520" ind1="3" ind2=" ">
         <marc:subfield code="a">The rise in energy demand calls for rapid advancements in technology in terms of renewable energy. In doing so, to reduce the carbon emissions in the atmosphere and give the planet a fighting chance to battle global temperature rise. With different forms of energy harvesting through renewable sources, solar energy is one of the fastest progressing and promising forms of renewable energy ( Gonçalves Vasconcelos Sampaio &amp; Orestes Aguirre González, 2017). The sun’s energy can be used to produce electricity through light and heat. Semiconductor materials are used to extract photovoltaic energy from the sun. The interaction of photons with the semiconductors , thus producing electricity (Pratap Singh, Kumar Goyal, &amp; Kumar, 2021). The issue arises with the efficiency of these panels. The maximum efficiency attained by using photovoltaics is currently about 22%, which comes from using perovskite material (Kim, Lee, Jung, Shin, &amp; Park, 2020), which leads us to the second issue, the cost of these materials. The question arises on how sustainable it is to continue investing in more expensive materials in order to increase efficiency and produce enough power to keep up with the global energy demand. Routes that use heat, however, have a higher efficiency as it can be concentrated. Concentrated solar power uses reflective surfaces to direct the sun’s rays onto a central point or area. This area contains a heat transfer medium which in turn carries this heat and transfers it to a power cycle, thus producing electricity (Lovegrove &amp; Pye, Fundamental principles of concentrating solar power (CSP) systems, 2012). The four most common types of concentrated solar power are: linear Fresnel lens, parabolic trough collectors, concentrated dish collectors and heliostat fields (Lovegrove &amp; Csiro, Introduction to concentrating solar power (CSP) technology, 2012). The concentrated dish collector is e most efficient form of concentrated solar power as it contains a dual axis tracking system and ensures direct concentration of the suns rays onto a focal point rather than focal area. But this also means that it is too expensive to be commercially viable. So, when considering a second-best alternative, heliostat fields are the way to go. Heliostat fields use a set of mirrors that are positioned in such a way that the sun’s rays are reflected off them and onto a receiver that is placed on a central tower. The heat is transferred through a heat transfer medium, which is usually in fluid form (gases, molten salts, oils, water etc.) (Jiang, Du, Kong, Xu, &amp; Ju, 2019). The drawback with this is the heat threshold that can be attained by the heat transfer medium. Therefore, solid carbon ceramic particles are considered as they can retain and transfer higher temperatures thus increasing the electricity produced by the power cycle (Jiang, Du, Kong, Xu, &amp; Ju, 2019). In order to retain this high amount of heat, the solid particles need to remain in the area where the reflected rays are focused. There is a need to optimize the residence time (Tawfik, 2022). The aim of this work is to study the motion of these particles through the central receiver. In doing so, try to create patterns or obstructions in their path to increase the resident time of the particles. Reducing the mass flow rate will increase the rate of heat transfer by radiation (directly from the reflected rays) and through conduction (from the receiver's plates and walls). Two different patterns are studied in this paper that show its effect on the mass flow rate of the particles and their results are shown through simulation and proved experimentally. The designs in consideration are the inverted V pattern and a Branched (also referred to as C pattern) inspired by constructal theory. The first design exists in practice and is being studied as an obstruction pattern for solid particle receivers (Ho, 2015). The second is proposed flow idea that interlinks the flow patterns in nature to that of engineering. The pattern is inspired by a combination of the flow of water from the sky to the ground in the form of rain and how this flow is controlled while traveling through riverbeds. It also uses a double three pattern to achieve a point-to-point distribution. It shows how creating channels and crevices in a specific ratio with fixed length and width ratios can facilitate better control of flow (Bejan &amp; Zane , Design in Nature, 2013). By creating this design, the aim is to improve the control over the flow rate and in turn the resident time of the particles in the central region. Increased resident time allows the particle to gain more heat energy, resulting in higher output temperature and overall efficiency of the power plant.</marc:subfield>
      </marc:datafield>
      <marc:datafield tag="504" ind1=" " ind2=" ">
         <marc:subfield code="a">Includes bibliographical references.</marc:subfield>
      </marc:datafield>
      <marc:datafield tag="506" ind1=" " ind2=" ">
         <marc:subfield code="a">This thesis/dissertation may be embargoed for a limited time. Click access link to check availability.</marc:subfield>
      </marc:datafield>
      <marc:datafield tag="650" ind1=" " ind2="0">
         <marc:subfield code="a">Sustainability</marc:subfield>
      </marc:datafield>
      <marc:datafield tag="655" ind1=" " ind2="7">
         <marc:subfield code="a">Electronic Thesis or Dissertation.</marc:subfield>
         <marc:subfield code="2">dct</marc:subfield>
      </marc:datafield>
      <marc:datafield tag="690" ind1=" " ind2="7">
         <marc:subfield code="a">FSU Dissertations.</marc:subfield>
         <marc:subfield code="2">local</marc:subfield>
         <marc:subfield code="9">LOCAL</marc:subfield>
      </marc:datafield>
      <marc:datafield tag="710" ind1="2" ind2=" ">
         <marc:subfield code="a">Florida State University.</marc:subfield>
         <marc:subfield code="e">degree granting institution.</marc:subfield>
         <marc:subfield code="0">http://id.loc.gov/authorities/names/n80126238</marc:subfield>
      </marc:datafield>
      <marc:datafield tag="856" ind1="4" ind2="0">
         <marc:subfield code="3">FSU Research Repository</marc:subfield>
         <marc:subfield code="u">https://purl.lib.fsu.edu/diginole/sureshnair_fsu_0071N_18445</marc:subfield>
         <marc:subfield code="y">Connect to online content:</marc:subfield>
      </marc:datafield>
      <marc:datafield tag="796" ind1="1" ind2=" ">
         <marc:subfield code="a">Ordóñez, Juan Carlos,</marc:subfield>
         <marc:subfield code="d">1973-</marc:subfield>
         <marc:subfield code="e">professor directing thesis</marc:subfield>
         <marc:subfield code="9">LOCAL</marc:subfield>
      </marc:datafield>
      <marc:datafield tag="796" ind1="1" ind2=" ">
         <marc:subfield code="a">Hollis, Patrick J.,</marc:subfield>
         <marc:subfield code="e">committee member</marc:subfield>
         <marc:subfield code="9">LOCAL</marc:subfield>
      </marc:datafield>
      <marc:datafield tag="796" ind1="1" ind2=" ">
         <marc:subfield code="a">Foo, Simon Y.,</marc:subfield>
         <marc:subfield code="e">committee member</marc:subfield>
         <marc:subfield code="9">LOCAL</marc:subfield>
      </marc:datafield>
      <marc:datafield tag="797" ind1="2" ind2=" ">
         <marc:subfield code="a">Florida State University.</marc:subfield>
         <marc:subfield code="b">Department of Mechanical Engineering.</marc:subfield>
         <marc:subfield code="9">LOCAL</marc:subfield>
      </marc:datafield>
      <marc:datafield tag="904" ind1=" " ind2=" ">
         <marc:subfield code="a">4</marc:subfield>
         <marc:subfield code="9">LOCAL</marc:subfield>
      </marc:datafield>
   </marc:record>