
   <marc:record>
      <marc:leader>     nam  22      i 4500</marc:leader>
      <marc:controlfield tag="006">m     o  d        </marc:controlfield>
      <marc:controlfield tag="007">cr |||||||||||</marc:controlfield>
      <marc:controlfield tag="008">      s2023    flu     obm   000 0 eng d</marc:controlfield>
      <marc:datafield tag="040" ind1=" " ind2=" ">
         <marc:subfield code="a">FDA</marc:subfield>
         <marc:subfield code="b">eng</marc:subfield>
         <marc:subfield code="e">rda</marc:subfield>
         <marc:subfield code="c">FDA</marc:subfield>
      </marc:datafield>
      <marc:datafield tag="050" ind1=" " ind2="4">
         <marc:subfield code="a">QD415.A3</marc:subfield>
      </marc:datafield>
      <marc:datafield tag="100" ind1="1" ind2=" ">
         <marc:subfield code="a">Whyms, Charlisa Tymone,</marc:subfield>
         <marc:subfield code="e">author</marc:subfield>
      </marc:datafield>
      <marc:datafield tag="245" ind1="1" ind2="0">
         <marc:subfield code="a">Structure and Function Studies of a CRISPR CARF Ancillary Enzyme and Its Role in Signaling /</marc:subfield>
         <marc:subfield code="c">by Charlisa Tymone Whyms</marc:subfield>
      </marc:datafield>
      <marc:datafield tag="264" ind1=" " ind2="1">
         <marc:subfield code="a">Tallahassee, Florida :</marc:subfield>
         <marc:subfield code="b">Florida State University,</marc:subfield>
         <marc:subfield code="c">2023</marc:subfield>
      </marc:datafield>
      <marc:datafield tag="300" ind1=" " ind2=" ">
         <marc:subfield code="a">1 online resource (115 pages)</marc:subfield>
      </marc:datafield>
      <marc:datafield tag="336" ind1=" " ind2=" ">
         <marc:subfield code="a">text</marc:subfield>
         <marc:subfield code="b">txt</marc:subfield>
         <marc:subfield code="2">rdacontent</marc:subfield>
      </marc:datafield>
      <marc:datafield tag="337" ind1=" " ind2=" ">
         <marc:subfield code="a">computer</marc:subfield>
         <marc:subfield code="b">c</marc:subfield>
         <marc:subfield code="2">rdamedia</marc:subfield>
      </marc:datafield>
      <marc:datafield tag="338" ind1=" " ind2=" ">
         <marc:subfield code="a">online resource</marc:subfield>
         <marc:subfield code="b">cr</marc:subfield>
         <marc:subfield code="2">rdacarrier</marc:subfield>
      </marc:datafield>
      <marc:datafield tag="347" ind1=" " ind2=" ">
         <marc:subfield code="a">text file</marc:subfield>
         <marc:subfield code="2">rdaft</marc:subfield>
      </marc:datafield>
      <marc:datafield tag="347" ind1=" " ind2=" ">
         <marc:subfield code="b">PDF</marc:subfield>
      </marc:datafield>
      <marc:datafield tag="538" ind1=" " ind2=" ">
         <marc:subfield code="a">System requirements: Adobe Reader or other PDF viewer.</marc:subfield>
      </marc:datafield>
      <marc:datafield tag="588" ind1=" " ind2=" ">
         <marc:subfield code="a">Description based on online resource; title from PDF title page.</marc:subfield>
      </marc:datafield>
      <marc:datafield tag="500" ind1=" " ind2=" ">
         <marc:subfield code="a">Extent pagination is PDF page count.</marc:subfield>
      </marc:datafield>
      <marc:datafield tag="500" ind1=" " ind2=" ">
         <marc:subfield code="a">Advisory committee: Hong Li, Professor Directing Dissertation; Margaret Elizabeth Stroupe, University Representative; Robert Silvers, Committee Member; Kenneth G. Hanson, Committee Member.</marc:subfield>
      </marc:datafield>
      <marc:datafield tag="500" ind1=" " ind2=" ">
         <marc:subfield code="a">A Dissertation submitted to the Department of Chemistry and Biochemistry in partial fulfillment of the requirements for the degree of Doctor of Philosophy.</marc:subfield>
      </marc:datafield>
      <marc:datafield tag="500" ind1=" " ind2=" ">
         <marc:subfield code="a">Date of Defense: November 15, 2023.</marc:subfield>
      </marc:datafield>
      <marc:datafield tag="502" ind1=" " ind2=" ">
         <marc:subfield code="b">Ph.D.</marc:subfield>
         <marc:subfield code="c">Florida State University</marc:subfield>
         <marc:subfield code="d">2023.</marc:subfield>
      </marc:datafield>
      <marc:datafield tag="520" ind1="3" ind2=" ">
         <marc:subfield code="a">The landscape of RNA biology and its derived biotechnology is continually evolving, and one of the most groundbreaking has been the discovery and subsequent characterization of Clustered Regularly Interspaced Short Palindromic Repeats (CRISPR) systems. These systems serve as a defense mechanism in prokaryotes, safeguarding against viral infections by storing and utilizing genetic information to identify and eliminate invading viruses. Renowned for their diversity and adaptability, CRISPR systems have revolutionized genetic engineering in nearly all organisms, enabling precise genome editing and a wide array of biotechnological applications.Within the intricate machinery of CRISPR systems, the Type III CRISPR-Cas systems stand out as a particularly intriguing class, offering unique mechanisms for sensing and neutralizing viral RNA and DNA. These mechanisms include the viral RNA-activated synthesis of novel cyclic-oligonucleotide second messengers, called cyclic-oligoadenylate (cOA) molecules. These second messengers subsequently bind to and allosterically activate a diverse collection of Type III CRISPR ancillary proteins that have a CARF sensor domain, thereby potentiating a powerful immune response. These signaling events are crucial in triggering cellular dormancy or programmed cell death in response to viral infections, making them a central component of the host organism's adaptive immune response. While research has shed light on some aspects of how these downstream CARF effectors are activated by cOA second messengers, there are still many unanswered questions to be explored in addition to uncharacterized CARF effector proteins. Furthermore, the knowledge gained from understanding the cOA signaling system holds promise for harnessing its potential in the development of innovative biotechnological applications. This dissertation uses structural and biochemical studies to shed light on the intricate mechanisms of one member of the CARF effectors, a CARF-fused adenosine deaminase (CADA) in the context of Type III CRISPR Cas system function. Chapter 1 provides an overview of the discovery and characterization of cyclic-oligoadenylate signaling in type III CRISPR systems. Chapter 2 of this dissertation details the team's efforts in the structural and functional characterization of the type III CRISPR system from mesophilic Lactococcus lactis Csm (LlCsm) organism at multiple functional states. The knowledge gained from this investigation serves as the foundation for developing a virus detection technology, MORIARTY (Multipronged, One-pot, target RNA-Induced, Augmentable, Rapid, Test sYstem) as detailed in Chapter 3. MORIARTY utilizes both RNA- and transcription-activated dual nucleic acid cleavage activities, along with internal signal amplification from the cOA-mediated activation of the CARF-effector Csm6 associated with this system. This approach enables highly sensitive virus detection across various settings. Chapter 4 summarizes and compares the structures of three CRISPR enzymes used in nucleic acid detection captured in their respective functional forms and illustrates the current understanding of their activation mechanism. Finally, in Chapter 5, I successfully pioneered the study of the structure and function of a novel CRISPR-associated adenosine deaminase (CADA) from the thermophilic organism Thermoanaerobaculum aquatica (Taq). TaqCADA, a protein featuring a CARF domain fused to an adenosine deaminase domain, forms a homohexamer, where three canonical homodimers come together through their ADA domains. Each dimer includes a CARF domain and an ADA domain. TaqCADA exhibits robust cOA4 ring nuclease activity and, interestingly, shows only weak adenosine deaminase activity, which does not appear to be enhanced by the presence of cOA molecules. The initial characterization of TaqCADA suggests the ability to regulate cOA concentrations to attenuate immunity and possibly to sequester s-adenosyl-methionine (SAM), which is the cells’ methyl donor. However, additional studies are required to address its precise roles in immunity.</marc:subfield>
      </marc:datafield>
      <marc:datafield tag="504" ind1=" " ind2=" ">
         <marc:subfield code="a">Includes bibliographical references.</marc:subfield>
      </marc:datafield>
      <marc:datafield tag="650" ind1=" " ind2="0">
         <marc:subfield code="a">Biochemistry</marc:subfield>
      </marc:datafield>
      <marc:datafield tag="655" ind1=" " ind2="7">
         <marc:subfield code="a">Electronic Thesis or Dissertation.</marc:subfield>
         <marc:subfield code="2">dct</marc:subfield>
      </marc:datafield>
      <marc:datafield tag="690" ind1=" " ind2="7">
         <marc:subfield code="a">FSU Dissertations.</marc:subfield>
         <marc:subfield code="2">local</marc:subfield>
         <marc:subfield code="9">LOCAL</marc:subfield>
      </marc:datafield>
      <marc:datafield tag="710" ind1="2" ind2=" ">
         <marc:subfield code="a">Florida State University.</marc:subfield>
         <marc:subfield code="e">degree granting institution.</marc:subfield>
         <marc:subfield code="0">http://id.loc.gov/authorities/names/n80126238</marc:subfield>
      </marc:datafield>
      <marc:datafield tag="856" ind1="4" ind2="0">
         <marc:subfield code="3">FSU Research Repository</marc:subfield>
         <marc:subfield code="u">https://purl.lib.fsu.edu/diginole/Whyms_fsu_0071E_18340</marc:subfield>
         <marc:subfield code="y">Connect to online content:</marc:subfield>
      </marc:datafield>
      <marc:datafield tag="796" ind1="1" ind2=" ">
         <marc:subfield code="a">Li, Hong</marc:subfield>
         <marc:subfield code="c">(Chemistry and Biochemistry),</marc:subfield>
         <marc:subfield code="e">professor directing dissertation</marc:subfield>
         <marc:subfield code="9">LOCAL</marc:subfield>
      </marc:datafield>
      <marc:datafield tag="796" ind1="1" ind2=" ">
         <marc:subfield code="a">Stroupe, M. Elizabeth</marc:subfield>
         <marc:subfield code="q">(Margaret Elizabeth),</marc:subfield>
         <marc:subfield code="e">university representative</marc:subfield>
         <marc:subfield code="9">LOCAL</marc:subfield>
      </marc:datafield>
      <marc:datafield tag="796" ind1="1" ind2=" ">
         <marc:subfield code="a">Silvers, Robert,</marc:subfield>
         <marc:subfield code="e">committee member</marc:subfield>
         <marc:subfield code="9">LOCAL</marc:subfield>
      </marc:datafield>
      <marc:datafield tag="796" ind1="1" ind2=" ">
         <marc:subfield code="a">Hanson, Kenneth G.,</marc:subfield>
         <marc:subfield code="e">committee member</marc:subfield>
         <marc:subfield code="9">LOCAL</marc:subfield>
      </marc:datafield>
      <marc:datafield tag="797" ind1="2" ind2=" ">
         <marc:subfield code="a">Florida State University.</marc:subfield>
         <marc:subfield code="b">Department of Chemistry and Biochemistry.</marc:subfield>
         <marc:subfield code="9">LOCAL</marc:subfield>
      </marc:datafield>
      <marc:datafield tag="904" ind1=" " ind2=" ">
         <marc:subfield code="a">0</marc:subfield>
         <marc:subfield code="9">LOCAL</marc:subfield>
      </marc:datafield>
   </marc:record>