
   <marc:record>
      <marc:leader>     nam  22      i 4500</marc:leader>
      <marc:controlfield tag="006">m     o  d        </marc:controlfield>
      <marc:controlfield tag="007">cr |||||||||||</marc:controlfield>
      <marc:controlfield tag="008">      s2023    flu     obm   000 0 eng d</marc:controlfield>
      <marc:datafield tag="040" ind1=" " ind2=" ">
         <marc:subfield code="a">FDA</marc:subfield>
         <marc:subfield code="b">eng</marc:subfield>
         <marc:subfield code="e">rda</marc:subfield>
         <marc:subfield code="c">FDA</marc:subfield>
      </marc:datafield>
      <marc:datafield tag="050" ind1=" " ind2="4">
         <marc:subfield code="a">P91.3</marc:subfield>
      </marc:datafield>
      <marc:datafield tag="100" ind1="1" ind2=" ">
         <marc:subfield code="a">Yan, Zhuxuan,</marc:subfield>
         <marc:subfield code="e">author</marc:subfield>
      </marc:datafield>
      <marc:datafield tag="245" ind1="1" ind2="0">
         <marc:subfield code="a">Rethinking Guilt Appeals in Environmental Messages :</marc:subfield>
         <marc:subfield code="b">Testing the Effects of Empathy-Eliciting and Shame-Free Guilt Appeals on Behavioral Intentions /</marc:subfield>
         <marc:subfield code="c">by Zhuxuan Yan</marc:subfield>
      </marc:datafield>
      <marc:datafield tag="264" ind1=" " ind2="1">
         <marc:subfield code="a">Tallahassee, Florida :</marc:subfield>
         <marc:subfield code="b">Florida State University,</marc:subfield>
         <marc:subfield code="c">2023</marc:subfield>
      </marc:datafield>
      <marc:datafield tag="300" ind1=" " ind2=" ">
         <marc:subfield code="a">1 online resource (168 pages)</marc:subfield>
      </marc:datafield>
      <marc:datafield tag="336" ind1=" " ind2=" ">
         <marc:subfield code="a">text</marc:subfield>
         <marc:subfield code="b">txt</marc:subfield>
         <marc:subfield code="2">rdacontent</marc:subfield>
      </marc:datafield>
      <marc:datafield tag="337" ind1=" " ind2=" ">
         <marc:subfield code="a">computer</marc:subfield>
         <marc:subfield code="b">c</marc:subfield>
         <marc:subfield code="2">rdamedia</marc:subfield>
      </marc:datafield>
      <marc:datafield tag="338" ind1=" " ind2=" ">
         <marc:subfield code="a">online resource</marc:subfield>
         <marc:subfield code="b">cr</marc:subfield>
         <marc:subfield code="2">rdacarrier</marc:subfield>
      </marc:datafield>
      <marc:datafield tag="347" ind1=" " ind2=" ">
         <marc:subfield code="a">text file</marc:subfield>
         <marc:subfield code="2">rdaft</marc:subfield>
      </marc:datafield>
      <marc:datafield tag="347" ind1=" " ind2=" ">
         <marc:subfield code="b">PDF</marc:subfield>
      </marc:datafield>
      <marc:datafield tag="538" ind1=" " ind2=" ">
         <marc:subfield code="a">System requirements: Adobe Reader or other PDF viewer.</marc:subfield>
      </marc:datafield>
      <marc:datafield tag="588" ind1=" " ind2=" ">
         <marc:subfield code="a">Description based on online resource; title from PDF title page.</marc:subfield>
      </marc:datafield>
      <marc:datafield tag="500" ind1=" " ind2=" ">
         <marc:subfield code="a">Extent pagination is PDF page count.</marc:subfield>
      </marc:datafield>
      <marc:datafield tag="500" ind1=" " ind2=" ">
         <marc:subfield code="a">Advisory committee: Laura M. Arpan, Professor Co-Directing Dissertation; Russell B. Clayton, Professor Co-Directing Dissertation; Yanyun Yang, University Representative; Rachel L. Bailey, Committee Member; Juliann Cortese, Committee Member.</marc:subfield>
      </marc:datafield>
      <marc:datafield tag="500" ind1=" " ind2=" ">
         <marc:subfield code="a">A Dissertation submitted to the School of Communication in partial fulfillment of the requirements for the degree of Doctor of Philosophy.</marc:subfield>
      </marc:datafield>
      <marc:datafield tag="500" ind1=" " ind2=" ">
         <marc:subfield code="a">Date of Defense: November 14, 2023.</marc:subfield>
      </marc:datafield>
      <marc:datafield tag="502" ind1=" " ind2=" ">
         <marc:subfield code="b">Ph.D.</marc:subfield>
         <marc:subfield code="c">Florida State University</marc:subfield>
         <marc:subfield code="d">2023.</marc:subfield>
      </marc:datafield>
      <marc:datafield tag="520" ind1="3" ind2=" ">
         <marc:subfield code="a">Guilt appeals are a widely used type of emotional appeals in social advocacy messages. However, studies have found inconsistent results regarding the effects of guilt intensity on influencing viewers’ attitudes and behavioral intentions. Some found guilt-appeal intensity has a curvilinear relationship with post-message attitudinal and behavioral intention changes, whereas others found the relationship is linear or even neither linear nor curvilinear. Scholars pointed out that these inconsistencies might imply several crucial problems and challenges related to the manipulation of guilt in pervasive messages. The first problem might result from inadvertently eliciting reactive guilt instead of anticipated guilt via messages, which can lead to increased reactance among audiences. The second problem might result from inadvertently including shame-eliciting language in guilt appeal messages. Accordingly, it is recommended that messages designed to promote pro-environmental behavioral intentions should attempt to elicit anticipated guilt and avoid eliciting feelings of shame. This study tested effects of messages designed and found to elicit significantly more guilt than shame.Messages that elicit empathy might be effective in eliciting anticipated guilt and promoting behavioral changes. Additionally, narrative messages might elicit greater empathy than non-narrative messages. Therefore, using an online experiment that employed a 2 (message feature: narrative vs. non-narrative stories) x 4 (animal type: more similar vs. less similar to humans) between-subjects design, the first study investigated the causal association between empathy, anticipated guilt, and pro-environmental intentions. Results demonstrated that narrative stories featuring an animal or insect harmed by climate change elicited greater feelings of anger and sadness than viewing non-narrative stories, which led to heightened feelings of empathy among audience members. Results also showed that empathy was positively associated with anticipated guilt. Anticipated guilt was positively associated with pro-environmental behavioral intentions. Finally, anticipated guilt mediated the association between feelings of empathy and pro-environmental behavioral intentions. Scholars also suggested that the magnitude of the request in persuasive messages might influence viewers’ self-efficacy, and self-efficacy might be a potential predictor in generating more effective responses to guilt appeals. Based on the proposition of the extended parallel process model (EPPM), including high self-efficacy instead of low self-efficacy components in emotional-appeal messages can promote recipients’ behavioral intentions and help reduce defensive motivation such as psychological reactance to the messages. Reducing viewers’ reactance to the message is important because psychological reactance theory (PRT) states that eliciting reactance among audiences can lead to ineffective persuasive messages. Using EPPM and PRT as theoretical foundations, the second study manipulated 2 levels of magnitude of the request (lower vs. higher) x 4 (animal type: more similar vs. less similar to humans) with a between-subjects design to examine the effects of shame-free guilt messages on self-efficacy, reactance to the messages, anticipated guilt, and pro-environmental intentions. Results demonstrated that viewing a shame-free guilt message with a lower magnitude of the request generated greater levels of self-efficacy compared to viewing the same message but with a higher magnitude of the request. Results from the mediation model found that self-efficacy was negatively associated with audiences’ perceived threat to freedom. Perceived threat to freedom was positively associated with psychological reactance. Results revealed some evidence that psychological reactance was negatively associated with anticipated guilt. Finally, anticipated guilt was found to be positively associated with pro-environmental behavioral intentions. Results from both studies provided further insights into designing effective guilt appeals in climate change mitigation messages. The theoretical and practical implications are discussed, as well as suggestions for future research.</marc:subfield>
      </marc:datafield>
      <marc:datafield tag="504" ind1=" " ind2=" ">
         <marc:subfield code="a">Includes bibliographical references.</marc:subfield>
      </marc:datafield>
      <marc:datafield tag="650" ind1=" " ind2="0">
         <marc:subfield code="a">Communication</marc:subfield>
      </marc:datafield>
      <marc:datafield tag="655" ind1=" " ind2="7">
         <marc:subfield code="a">Electronic Thesis or Dissertation.</marc:subfield>
         <marc:subfield code="2">dct</marc:subfield>
      </marc:datafield>
      <marc:datafield tag="690" ind1=" " ind2="7">
         <marc:subfield code="a">FSU Dissertations.</marc:subfield>
         <marc:subfield code="2">local</marc:subfield>
         <marc:subfield code="9">LOCAL</marc:subfield>
      </marc:datafield>
      <marc:datafield tag="710" ind1="2" ind2=" ">
         <marc:subfield code="a">Florida State University.</marc:subfield>
         <marc:subfield code="e">degree granting institution.</marc:subfield>
         <marc:subfield code="0">http://id.loc.gov/authorities/names/n80126238</marc:subfield>
      </marc:datafield>
      <marc:datafield tag="856" ind1="4" ind2="0">
         <marc:subfield code="3">FSU Research Repository</marc:subfield>
         <marc:subfield code="u">https://purl.lib.fsu.edu/diginole/Yan_fsu_0071E_18316</marc:subfield>
         <marc:subfield code="y">Connect to online content:</marc:subfield>
      </marc:datafield>
      <marc:datafield tag="796" ind1="1" ind2=" ">
         <marc:subfield code="a">Arpan, Laura M.,</marc:subfield>
         <marc:subfield code="e">professor co-directing dissertation</marc:subfield>
         <marc:subfield code="9">LOCAL</marc:subfield>
      </marc:datafield>
      <marc:datafield tag="796" ind1="1" ind2=" ">
         <marc:subfield code="a">Clayton, Russell B.,</marc:subfield>
         <marc:subfield code="e">professor co-directing dissertation</marc:subfield>
         <marc:subfield code="9">LOCAL</marc:subfield>
      </marc:datafield>
      <marc:datafield tag="796" ind1="1" ind2=" ">
         <marc:subfield code="a">Yang, Yanyun,</marc:subfield>
         <marc:subfield code="e">university representative</marc:subfield>
         <marc:subfield code="9">LOCAL</marc:subfield>
      </marc:datafield>
      <marc:datafield tag="796" ind1="1" ind2=" ">
         <marc:subfield code="a">Bailey, Rachel L.,</marc:subfield>
         <marc:subfield code="e">committee member</marc:subfield>
         <marc:subfield code="9">LOCAL</marc:subfield>
      </marc:datafield>
      <marc:datafield tag="796" ind1="1" ind2=" ">
         <marc:subfield code="a">Cortese, Juliann,</marc:subfield>
         <marc:subfield code="e">committee member</marc:subfield>
         <marc:subfield code="9">LOCAL</marc:subfield>
      </marc:datafield>
      <marc:datafield tag="797" ind1="2" ind2=" ">
         <marc:subfield code="a">Florida State University.</marc:subfield>
         <marc:subfield code="b">School of Communication.</marc:subfield>
         <marc:subfield code="9">LOCAL</marc:subfield>
      </marc:datafield>
      <marc:datafield tag="904" ind1=" " ind2=" ">
         <marc:subfield code="a">0</marc:subfield>
         <marc:subfield code="9">LOCAL</marc:subfield>
      </marc:datafield>
   </marc:record>