
   <marc:record>
      <marc:leader>     nam  22      i 4500</marc:leader>
      <marc:controlfield tag="006">m     o  d        </marc:controlfield>
      <marc:controlfield tag="007">cr |||||||||||</marc:controlfield>
      <marc:controlfield tag="008">      s2023    flu     obm   000 0 eng d</marc:controlfield>
      <marc:datafield tag="040" ind1=" " ind2=" ">
         <marc:subfield code="a">FDA</marc:subfield>
         <marc:subfield code="b">eng</marc:subfield>
         <marc:subfield code="e">rda</marc:subfield>
         <marc:subfield code="c">FDA</marc:subfield>
      </marc:datafield>
      <marc:datafield tag="050" ind1=" " ind2="4">
         <marc:subfield code="a">TA160</marc:subfield>
      </marc:datafield>
      <marc:datafield tag="100" ind1="1" ind2=" ">
         <marc:subfield code="a">Yang, Jieya,</marc:subfield>
         <marc:subfield code="e">author</marc:subfield>
      </marc:datafield>
      <marc:datafield tag="245" ind1="1" ind2="0">
         <marc:subfield code="a">Geographic Information System-Based Hazard Analysis of Evacuation Accessibility for Hurricane Shelters /</marc:subfield>
         <marc:subfield code="c">by Jieya Yang</marc:subfield>
      </marc:datafield>
      <marc:datafield tag="264" ind1=" " ind2="1">
         <marc:subfield code="a">Tallahassee, Florida :</marc:subfield>
         <marc:subfield code="b">Florida State University,</marc:subfield>
         <marc:subfield code="c">2023</marc:subfield>
      </marc:datafield>
      <marc:datafield tag="300" ind1=" " ind2=" ">
         <marc:subfield code="a">1 online resource (136 pages)</marc:subfield>
      </marc:datafield>
      <marc:datafield tag="336" ind1=" " ind2=" ">
         <marc:subfield code="a">text</marc:subfield>
         <marc:subfield code="b">txt</marc:subfield>
         <marc:subfield code="2">rdacontent</marc:subfield>
      </marc:datafield>
      <marc:datafield tag="337" ind1=" " ind2=" ">
         <marc:subfield code="a">computer</marc:subfield>
         <marc:subfield code="b">c</marc:subfield>
         <marc:subfield code="2">rdamedia</marc:subfield>
      </marc:datafield>
      <marc:datafield tag="338" ind1=" " ind2=" ">
         <marc:subfield code="a">online resource</marc:subfield>
         <marc:subfield code="b">cr</marc:subfield>
         <marc:subfield code="2">rdacarrier</marc:subfield>
      </marc:datafield>
      <marc:datafield tag="347" ind1=" " ind2=" ">
         <marc:subfield code="a">text file</marc:subfield>
         <marc:subfield code="2">rdaft</marc:subfield>
      </marc:datafield>
      <marc:datafield tag="347" ind1=" " ind2=" ">
         <marc:subfield code="b">PDF</marc:subfield>
      </marc:datafield>
      <marc:datafield tag="538" ind1=" " ind2=" ">
         <marc:subfield code="a">System requirements: Adobe Reader or other PDF viewer.</marc:subfield>
      </marc:datafield>
      <marc:datafield tag="588" ind1=" " ind2=" ">
         <marc:subfield code="a">Description based on online resource; title from PDF title page.</marc:subfield>
      </marc:datafield>
      <marc:datafield tag="500" ind1=" " ind2=" ">
         <marc:subfield code="a">Extent pagination is PDF page count.</marc:subfield>
      </marc:datafield>
      <marc:datafield tag="500" ind1=" " ind2=" ">
         <marc:subfield code="a">Advisory committee: Wenrui Huang, Professor Co-Directing Dissertation; Eren Erman Ozguven, Professor Co-Directing Dissertation; Xiaojun Yang, University Representative; Gang Chen, Committee Member.</marc:subfield>
      </marc:datafield>
      <marc:datafield tag="500" ind1=" " ind2=" ">
         <marc:subfield code="a">A Dissertation submitted to the Department of Civil and Environmental Engineering in partial fulfillment of the requirements for the degree of Doctor of Philosophy.</marc:subfield>
      </marc:datafield>
      <marc:datafield tag="500" ind1=" " ind2=" ">
         <marc:subfield code="a">Date of Defense: November 15, 2023.</marc:subfield>
      </marc:datafield>
      <marc:datafield tag="500" ind1=" " ind2=" ">
         <marc:subfield code="a">Keywords: Evacuation Accessibility, GIS Analysis, Hazard Response, Hurricane Evacuation, Hurricane Shelter.</marc:subfield>
      </marc:datafield>
      <marc:datafield tag="502" ind1=" " ind2=" ">
         <marc:subfield code="b">Ph.D.</marc:subfield>
         <marc:subfield code="c">Florida State University</marc:subfield>
         <marc:subfield code="d">2023.</marc:subfield>
      </marc:datafield>
      <marc:datafield tag="520" ind1="3" ind2=" ">
         <marc:subfield code="a">In the present era marked by an increasing frequency of extreme climatic events, the vulnerability of human life has become a subject of paramount concern. The research endeavors undertaken within this dissertation aim to shed light on this critical issue by delving into the most prevalent natural hazard in Florida, namely hurricanes. The catastrophic Category 5 Hurricane Michael, an unprecedented occurrence in the Florida Panhandle region in 2018, serves as a poignant case study. To begin with, the inquiry commences with the simulation of impacts on evacuation congestion considering the inherent uncertainties associated with hurricane tracks. This dissertation unfolds across three main facets of analysis. Initially, three distinct scenarios were generated for the highly populous northern regions of Florida, which were also deemed particularly susceptible to the impact of Hurricane Michael based on initial forecasting datasets. The purpose of this section was to elucidate the ramifications of hurricane track uncertainty on roadway congestion and the exigencies of timely evacuation. This investigation was contributed the next part, which was specifically focused on Panama City, one of the most populous urban areas featured in the aforementioned scenarios. The research tried to discern the vulnerability of the special-needs population during the actual occurrence of Hurricane Michael in 2018. With only one Special-Needs Shelter (SpNS) available in the county, Panama City, characterized by a substantial aging population, grappled with the challenge of ensuring optimal evacuation accessibility for its residents in the face of an impending and formidable hurricane. The storm surge simulation provided a precondition to further geographic information system (GIS) models of roadway network analysis. Shelter repurposing solutions highlighted that the temporary conversion of up to three shelters into SpNS could significantly reduce travel times for the coastal special-needs population, enhancing evacuation accessibility by 20%. Additionally, with climate change consideration, this dissertation focuses on the implications of sea level rise (SLR) on hurricane evacuation accessibility reduction in the Florida Panhandle eastern region. Utilizing the floating catchment area (FCA) method in GIS, various scenarios of different SLR assumptions in conjunction with hurricane simulations were examined to gauge alterations in the region's accessibility index. Findings revealed that the vast rural expansion in the selected research counties was characterized by low accessibility of most of the involved census block groups, primarily due to the lack of nearby emergency facility sources such as shelters catering to coastal residents. Moreover, the storm-evacuation integrated model with FCA applications demonstrated that census block groups closer to shelters experienced an elevated accessibility index due to inequality of facility sharing, as another population residing close to inundation was isolated by storm surges, rendering them unable to access shelter facilities. Paradoxically, this situation placed those coastal residents at a heightened risk of flooding, further accentuating their predicament since a strong hurricane might attack them at first. Another preliminary investigation of marsh plantation impacts on wave reduction and roadway accessibility during hurricanes was generated in this part, employing a steady-state spectral wave (STWAVE) model to the SLR-based hurricane scenarios. According to relative bottom friction parameters, it becomes evident that local roadways had the high possibility of being susceptible to flooding in areas with either thin layers of salt marsh or extremely high storm surge, thereby posing a significant threat to evacuees traveling to inner land regions. This reduced evacuation accessibility beyond the residents' original counties. The investigation furnishes a comprehensive analysis of the vulnerabilities confronting coastal populations of strong hurricanes. To summarize, this dissertation provides a significant analysis of the insufficient accessibility of Northwest Florida evacuation during extreme hurricanes with GIS applications, effectively integrated storm surge models and evacuation calculations by providing more efficient hurricane prediction planning. Its knowledge contributes to a comprehensive understanding of the vulnerabilities inherent in hurricane-prone regions, highlighting hurricane evacuation challenges for special-needs populations as well as northwest rural areas in Florida, helping shape more effective disaster mitigation and response strategies.</marc:subfield>
      </marc:datafield>
      <marc:datafield tag="504" ind1=" " ind2=" ">
         <marc:subfield code="a">Includes bibliographical references.</marc:subfield>
      </marc:datafield>
      <marc:datafield tag="650" ind1=" " ind2="0">
         <marc:subfield code="a">Civil engineering</marc:subfield>
      </marc:datafield>
      <marc:datafield tag="655" ind1=" " ind2="7">
         <marc:subfield code="a">Electronic Thesis or Dissertation.</marc:subfield>
         <marc:subfield code="2">dct</marc:subfield>
      </marc:datafield>
      <marc:datafield tag="690" ind1=" " ind2="7">
         <marc:subfield code="a">FSU Dissertations.</marc:subfield>
         <marc:subfield code="2">local</marc:subfield>
         <marc:subfield code="9">LOCAL</marc:subfield>
      </marc:datafield>
      <marc:datafield tag="710" ind1="2" ind2=" ">
         <marc:subfield code="a">Florida State University.</marc:subfield>
         <marc:subfield code="e">degree granting institution.</marc:subfield>
         <marc:subfield code="0">http://id.loc.gov/authorities/names/n80126238</marc:subfield>
      </marc:datafield>
      <marc:datafield tag="856" ind1="4" ind2="0">
         <marc:subfield code="3">FSU Research Repository</marc:subfield>
         <marc:subfield code="u">https://purl.lib.fsu.edu/diginole/Yang_fsu_0071E_18301</marc:subfield>
         <marc:subfield code="y">Connect to online content:</marc:subfield>
      </marc:datafield>
      <marc:datafield tag="796" ind1="1" ind2=" ">
         <marc:subfield code="a">Huang, Wenrui,</marc:subfield>
         <marc:subfield code="d">1961-</marc:subfield>
         <marc:subfield code="e">professor co-directing dissertation</marc:subfield>
         <marc:subfield code="9">LOCAL</marc:subfield>
      </marc:datafield>
      <marc:datafield tag="796" ind1="1" ind2=" ">
         <marc:subfield code="a">Ozguven, Eren Erman,</marc:subfield>
         <marc:subfield code="e">professor co-directing dissertation</marc:subfield>
         <marc:subfield code="9">LOCAL</marc:subfield>
      </marc:datafield>
      <marc:datafield tag="796" ind1="1" ind2=" ">
         <marc:subfield code="a">Yang, Xiaojun,</marc:subfield>
         <marc:subfield code="d">1965-</marc:subfield>
         <marc:subfield code="e">university representative</marc:subfield>
         <marc:subfield code="9">LOCAL</marc:subfield>
      </marc:datafield>
      <marc:datafield tag="796" ind1="1" ind2=" ">
         <marc:subfield code="a">Yang, Xiaojun,</marc:subfield>
         <marc:subfield code="d">1965-</marc:subfield>
         <marc:subfield code="e">university representative</marc:subfield>
         <marc:subfield code="9">LOCAL</marc:subfield>
      </marc:datafield>
      <marc:datafield tag="796" ind1="1" ind2=" ">
         <marc:subfield code="a">Chen, Gang,</marc:subfield>
         <marc:subfield code="d">1969-</marc:subfield>
         <marc:subfield code="e">committee member</marc:subfield>
         <marc:subfield code="9">LOCAL</marc:subfield>
      </marc:datafield>
      <marc:datafield tag="797" ind1="2" ind2=" ">
         <marc:subfield code="a">Florida State University.</marc:subfield>
         <marc:subfield code="b">Department of Civil and Environmental Engineering.</marc:subfield>
         <marc:subfield code="9">LOCAL</marc:subfield>
      </marc:datafield>
      <marc:datafield tag="904" ind1=" " ind2=" ">
         <marc:subfield code="a">0</marc:subfield>
         <marc:subfield code="9">LOCAL</marc:subfield>
      </marc:datafield>
   </marc:record>