
   <marc:record>
      <marc:leader>     nam  22      i 4500</marc:leader>
      <marc:controlfield tag="006">m     o  d        </marc:controlfield>
      <marc:controlfield tag="007">cr |||||||||||</marc:controlfield>
      <marc:controlfield tag="008">      s2023    flu     obm   000 0 eng d</marc:controlfield>
      <marc:datafield tag="040" ind1=" " ind2=" ">
         <marc:subfield code="a">FDA</marc:subfield>
         <marc:subfield code="b">eng</marc:subfield>
         <marc:subfield code="e">rda</marc:subfield>
         <marc:subfield code="c">FDA</marc:subfield>
      </marc:datafield>
      <marc:datafield tag="050" ind1=" " ind2="4">
         <marc:subfield code="a">TK145</marc:subfield>
      </marc:datafield>
      <marc:datafield tag="100" ind1="1" ind2=" ">
         <marc:subfield code="a">Yi, Lifang,</marc:subfield>
         <marc:subfield code="e">author</marc:subfield>
      </marc:datafield>
      <marc:datafield tag="245" ind1="1" ind2="0">
         <marc:subfield code="a">In-Situ Direct Magnetic Loss Measurement in Power Converters /</marc:subfield>
         <marc:subfield code="c">by Lifang Yi</marc:subfield>
      </marc:datafield>
      <marc:datafield tag="264" ind1=" " ind2="1">
         <marc:subfield code="a">Tallahassee, Florida :</marc:subfield>
         <marc:subfield code="b">Florida State University,</marc:subfield>
         <marc:subfield code="c">2023</marc:subfield>
      </marc:datafield>
      <marc:datafield tag="300" ind1=" " ind2=" ">
         <marc:subfield code="a">1 online resource (177 pages)</marc:subfield>
      </marc:datafield>
      <marc:datafield tag="336" ind1=" " ind2=" ">
         <marc:subfield code="a">text</marc:subfield>
         <marc:subfield code="b">txt</marc:subfield>
         <marc:subfield code="2">rdacontent</marc:subfield>
      </marc:datafield>
      <marc:datafield tag="337" ind1=" " ind2=" ">
         <marc:subfield code="a">computer</marc:subfield>
         <marc:subfield code="b">c</marc:subfield>
         <marc:subfield code="2">rdamedia</marc:subfield>
      </marc:datafield>
      <marc:datafield tag="338" ind1=" " ind2=" ">
         <marc:subfield code="a">online resource</marc:subfield>
         <marc:subfield code="b">cr</marc:subfield>
         <marc:subfield code="2">rdacarrier</marc:subfield>
      </marc:datafield>
      <marc:datafield tag="347" ind1=" " ind2=" ">
         <marc:subfield code="a">text file</marc:subfield>
         <marc:subfield code="2">rdaft</marc:subfield>
      </marc:datafield>
      <marc:datafield tag="347" ind1=" " ind2=" ">
         <marc:subfield code="b">PDF</marc:subfield>
      </marc:datafield>
      <marc:datafield tag="538" ind1=" " ind2=" ">
         <marc:subfield code="a">System requirements: Adobe Reader or other PDF viewer.</marc:subfield>
      </marc:datafield>
      <marc:datafield tag="588" ind1=" " ind2=" ">
         <marc:subfield code="a">Description based on online resource; title from PDF title page.</marc:subfield>
      </marc:datafield>
      <marc:datafield tag="500" ind1=" " ind2=" ">
         <marc:subfield code="a">Extent pagination is PDF page count.</marc:subfield>
      </marc:datafield>
      <marc:datafield tag="500" ind1=" " ind2=" ">
         <marc:subfield code="a">Advisory committee: Jinyeong Moon, Professor Directing Dissertation; Juan Ordóñez, University Representative; Fang Z. Peng, Committee Member; Bayaner Arigong, Committee Member.</marc:subfield>
      </marc:datafield>
      <marc:datafield tag="500" ind1=" " ind2=" ">
         <marc:subfield code="a">A Dissertation submitted to the Department of Electrical and Computer Engineering in partial fulfillment of the requirements for the degree of Doctor of Philosophy.</marc:subfield>
      </marc:datafield>
      <marc:datafield tag="500" ind1=" " ind2=" ">
         <marc:subfield code="a">Date of Defense: October 23, 2023.</marc:subfield>
      </marc:datafield>
      <marc:datafield tag="500" ind1=" " ind2=" ">
         <marc:subfield code="a">Keywords: Current shunt, High-bandwidth, Loss measurement, Magnetic, Timing skew.</marc:subfield>
      </marc:datafield>
      <marc:datafield tag="502" ind1=" " ind2=" ">
         <marc:subfield code="b">Ph.D.</marc:subfield>
         <marc:subfield code="c">Florida State University</marc:subfield>
         <marc:subfield code="d">2023.</marc:subfield>
      </marc:datafield>
      <marc:datafield tag="520" ind1="3" ind2=" ">
         <marc:subfield code="a">Accurate measurement of magnetic loss in power converters is a critical task for optimizing their performance. However, timing skew between measurement channels can lead to an unacceptable error in power loss measurements, and its quantification has historically posed a significant challenge to precise in-situ magnetic loss measurement. This thesis addresses this issue by introducing mathematical models and innovative measurement methods. The mathematical model is first established to analyze the influence of timing skew on magnetic loss measurements in a DC-DC converter. The first method, called Intersection method, disentangles the relationship between timing skew and magnetic loss in a DC-DC converter using a mathematical model. Building upon this, the second method, called Dual-curve Derivative method, enhances measurement accuracy and repeatability. The mathematical model in improved considering the loss mechanism of the magnetic component and an improved method, named Triple-curve Derivative method, is then developed to significantly improves magnetic loss measurement accuracy and in-situ measurement capabilities, specifically for lossier magnetic components. Experimental validation and a comprehensive comparative analysis of these three methods are conducted to corroborate the theoretical analysis.Prior methods necessitated a dedicated space on the PCB, resulting in heightened intrusiveness, with capacitance values reaching several nanofarads, which regrettably had adverse effects on the overall circuit's operation. An improved Dual-curve Derivative method is then developed, which not only enhances measurement accuracy but also significantly reduces its impact on the power converter. The operational principles and performance of the improved Dual-curve Derivative method are verified in simulation and validated in experiments in a DC-DC step-down buck converter, subject to various realistic circuit parameters. This method is validated through simulations and experiments under various circuit parameters. The variations in actual timing skew and real inductor loss are minimal, resulting in an overall error in the obtained inductor loss within ±4%. This underscores the utility of the proposed Improved Dual-curve Derivative method as a realistic, practical, accurate, and efficient tool for achieving direct in-situ magnetic loss measurement. Furthermore, this method has been extended to facilitate core loss measurement, enabling the precise separation of core and winding losses from the aggregated magnetic loss in direct measurement experimentally. In addition to the loss measurement methodology, this thesis delves into the study of high-bandwidth current shunts. This exploration is motivated by the advancements in Wide Bandgap (WBG) devices, which demand accurate current measurements at high-frequency applications, essential for both direct loss measurement and component characterization. The proposed high-bandwidth current shunts are meticulously constructed using thin-film resistors and innovative PCB layout designs. These resistors are arranged in a coaxial structure to enhance magnetic field cancellation and minimize parasitic inductance. With the introduction of a novel interleaving PCB layout design, the parasitic inductance of the shunt is further reduced, resulting in a higher measurement bandwidth. To validate the performance of these shunt prototypes, they were built and measured using a 2-port network analyzer. The results indicate an impressive 3-dB bandwidth exceeding 2GHz with a resistance of 100mΩ. This achievement presents an appealing solution for current measurements in the gigahertz frequency range. In summary, this research contributes innovative methods for magnetic loss measurement, core loss separation, and high-bandwidth current measurement, offering practical solutions for power converter optimization and design validation.</marc:subfield>
      </marc:datafield>
      <marc:datafield tag="504" ind1=" " ind2=" ">
         <marc:subfield code="a">Includes bibliographical references.</marc:subfield>
      </marc:datafield>
      <marc:datafield tag="506" ind1=" " ind2=" ">
         <marc:subfield code="a">This thesis/dissertation may be embargoed for a limited time. Click access link to check availability.</marc:subfield>
      </marc:datafield>
      <marc:datafield tag="650" ind1=" " ind2="0">
         <marc:subfield code="a">Electrical engineering</marc:subfield>
      </marc:datafield>
      <marc:datafield tag="655" ind1=" " ind2="7">
         <marc:subfield code="a">Electronic Thesis or Dissertation.</marc:subfield>
         <marc:subfield code="2">dct</marc:subfield>
      </marc:datafield>
      <marc:datafield tag="690" ind1=" " ind2="7">
         <marc:subfield code="a">FSU Dissertations.</marc:subfield>
         <marc:subfield code="2">local</marc:subfield>
         <marc:subfield code="9">LOCAL</marc:subfield>
      </marc:datafield>
      <marc:datafield tag="710" ind1="2" ind2=" ">
         <marc:subfield code="a">Florida State University.</marc:subfield>
         <marc:subfield code="e">degree granting institution.</marc:subfield>
         <marc:subfield code="0">http://id.loc.gov/authorities/names/n80126238</marc:subfield>
      </marc:datafield>
      <marc:datafield tag="856" ind1="4" ind2="0">
         <marc:subfield code="3">FSU Research Repository</marc:subfield>
         <marc:subfield code="u">https://purl.lib.fsu.edu/diginole/Yi_fsu_0071E_18295</marc:subfield>
         <marc:subfield code="y">Connect to online content:</marc:subfield>
      </marc:datafield>
      <marc:datafield tag="796" ind1="1" ind2=" ">
         <marc:subfield code="a">Moon, Jinyeong,</marc:subfield>
         <marc:subfield code="e">professor directing dissertation</marc:subfield>
         <marc:subfield code="9">LOCAL</marc:subfield>
      </marc:datafield>
      <marc:datafield tag="796" ind1="1" ind2=" ">
         <marc:subfield code="a">Ordóñez, Juan Carlos,</marc:subfield>
         <marc:subfield code="d">1973-</marc:subfield>
         <marc:subfield code="e">university representative</marc:subfield>
         <marc:subfield code="9">LOCAL</marc:subfield>
      </marc:datafield>
      <marc:datafield tag="796" ind1="1" ind2=" ">
         <marc:subfield code="a">Peng, Fang,</marc:subfield>
         <marc:subfield code="e">committee member</marc:subfield>
         <marc:subfield code="9">LOCAL</marc:subfield>
      </marc:datafield>
      <marc:datafield tag="796" ind1="1" ind2=" ">
         <marc:subfield code="a">Arigong, Bayaner,</marc:subfield>
         <marc:subfield code="e">committee member</marc:subfield>
         <marc:subfield code="9">LOCAL</marc:subfield>
      </marc:datafield>
      <marc:datafield tag="797" ind1="2" ind2=" ">
         <marc:subfield code="a">Florida State University.</marc:subfield>
         <marc:subfield code="b">Department of Electrical and Computer Engineering.</marc:subfield>
         <marc:subfield code="9">LOCAL</marc:subfield>
      </marc:datafield>
      <marc:datafield tag="904" ind1=" " ind2=" ">
         <marc:subfield code="a">4</marc:subfield>
         <marc:subfield code="9">LOCAL</marc:subfield>
      </marc:datafield>
   </marc:record>